@string { and = " and " }

%% months
@string { jan = "{\bibstring{january}}" }
@string { feb = "{\bibstring{february}}" }
@string { mar = "{\bibstring{march}}" }
@string { apr = "{\bibstring{april}}" }
@string { may = "{\bibstring{may}}" }
@string { jun = "{\bibstring{june}}" }
@string { jul = "{\bibstring{july}}" }
@string { aug = "{\bibstring{august}}" }
@string { sep = "{\bibstring{september}}" }
@string { oct = "{\bibstring{october}}" }
@string { nov = "{\bibstring{november}}" }
@string { dec = "{\bibstring{december}}" }
@string { spring = "{\bibstring{spring}}" }
@string { summer = "{\bibstring{summer}}" }
@string { autumn = "{\bibstring{autumn}}" }
@string { winter = "{\bibstring{winter}}" }


%%authors
@string { a_abadi_marin = "Mart{\'i}n Abadi" }
@string { a_abbasi_hameer = "Hameer Abbasi" }
@string { a_agans_david_j = "David J.\ Agans" }
@string { a_ali_karim = "Karim Ali" }
@string { a_andersen_jakob_lykke = "Jakob Lykke Andersen" }
@string { a_andrews_michael = "Michael Andrews" }
@string { a_antiga_luca = "Luca Antiga" }
@string { a_archibald_anne_m = "Anne M.\ Archibald" }
@string { a_arthur_jones = "Arthur Jones" }
@string { a_ascher_david = "David Ascher" }
@string { a_b_jean_francois = "Jean{\nobreakdashes-}Fran{\c{c}}ois B." }
@string { a_babuska_ivo = "Ivo Babu{\v{s}}ka" }
@string { a_bachmann_paul_gustav_heinrich = "Paul Gustav Heinrich Bachmann" }
@string { a_back_ralph_johan = "Ralph{\nobreakdashes-}Johan Back" }
@string { a_bai_junjie = "Junjie Bai" }
@string { a_barham_paul = "Paul Barham" }
@string { a_barr_earl_t = "Earl T.\ Barr" }
@string { a_barret_daniel_j = "Daniel J.\ Barrett" }
@string { a_baumgartner_gary = "Gary Baumgartner" }
@string { a_beazley_david_m = "David M.\ Beazley" }
@string { a_beckwith_laura = "Laura Beckwith" }
@string { a_beguenane_rachid = "Rachid Beguenane" }
@string { a_beigel_richard = "Richard Beigel" }
@string { a_ben_david_shai = "Shai Ben{\nobreakdashes-}David" }
@string { a_bentley_jon = "Jon Bentley" }
@string { a_berg_sebastian = "Sebastian Berg" }
@string { a_berion_robin = "Robin Berjon" }
@string { a_beuke_fabian = "Fabian Beuke" }
@string { a_beygelzimer_alina = "Alina Beygelzimer" }
@string { a_bezerra_carla_i_m = "Carla I.\ M.\ Bezerra" }
@string { a_bird_christian = "Christian Bird" }
@string { a_blin_kai = "Kai Blin" }
@string { a_bloch_joshua = "Joshua Bloch" }
@string { a_blondel_mathieu = "Mathieu Blondel" }
@string { a_bommarito_ethan = "Ethan Bommarito" }
@string { a_bommarito_michael = "Michael Bommarito" }
@string { a_bonnell_jerry = "Jerry Bonnell" }
@string { a_bose_cherokee = "Cherokee Boose" }
@string { a_bott_ed = "Ed Bott" }
@string { a_bottazzini_umberto = "Umberto Bottazzini" }
@string { a_bradbury_james = "James Bradbury" }
@string { a_brandl_georg = "Georg Brandl" }
@string { a_brash_ron = "Ron Brash" }
@string { a_bray_tim = "Tim Bray" }
@string { a_brent_richard_p = "Richard P.\ Brent" }
@string { a_brett_matthew = "Matthew Brett" }
@string { a_bright_jonathan = "Jonathan Bright" }
@string { a_broytman_oleg = "Oleg Broytman" }
@string { a_brucher_matthieu = "Matthieu Brucher" }
@string { a_bruhin_florian = "Florian Bruhin" }
@string { a_bruneau_pierrix = "Pierrick Bruneau" }
@string { a_bucher_brand = "Brandt Bucher" }
@string { a_burnett_magaret_m = "Margaret M.\ Burnett" }
@string { a_burovski_evgeni = "Evgeni Burovski" }
@string { a_cannon_brett = "Brett Cannon" }
@string { a_carey_cj = "CJ Carey" }
@string { a_carlson_stephan_c = "Stephan C.\ Carlson" }
@string { a_castro_oscar = "Oscar Castro" }
@string { a_chabini_noureddine = "Noureddine Chabini" }
@string { a_chanan_gregory = "Gregory Chanan" }
@string { a_chapman_eric = "Eric Chapman" }
@string { a_chen_boqi = "Boqi Chen" }
@string { a_chen_jianmin = "Jianmin Chen" }
@string { a_chen_zhifeng = "Zhifeng Chen" }
@string { a_chen_zhi = "Zhi Chen" }
@string { a_chilamkurthy_sasank = "Sasank Chilamkurthy" }
@string { a_chintala_soumith = "Soumith Chintala" }
@string { a_cimran_robert = "Robert Cimrman" }
@string { a_clinton_david = "David Clinton" }
@string { a_coghlan_alyssa = "Alyssa Coghlan" }
@string { a_cole_timothy_w = "Timothy W.\ Cole" }
@string { a_conway_john_horton = "John Horton Conway" }
@string { a_cook_curtis_r = "Curtis R.\ Cook" }
@string { a_cormen_thomas_h = "Thomas H.\ Cormen" }
@string { a_cornapeau_david = "David Cournapeau" }
@string { a_crandall_richard = "Richard Crandall" }
@string { a_crossley_john_newsome = "John Newsome Crossley" }
@string { a_cullen_christopher = "Christopher Cullen" }
@string { a_d_alche_buc_florence = "Florence d'Alch{\'e}{\nobreakdashes-}Buc" }
@string { a_da_veiga_leprevost_felipe = "Felipe {da Veiga Leprevost}" }
@string { a_dahlstrom_erik = "Erik Dahlstr{\"o}m" }
@string { a_dauben_joseph_w = "Joseph W.\ Dauben" }
@string { a_davis_andy = "Andy Davis" }
@string { a_dean_jeffrey = "Jeffrey Dean" }
@string { a_dengler_patrick = "Patrick Dengler" }
@string { a_dennison_justing = "Justin Dennison" }
@string { a_desmaison_alban = "Alban Desmaison" }
@string { a_devin_metthieu = "Matthieu Devin" }
@string { a_devito_zachary = "Zachary {DeVito}" }
@string { a_deza_alfredo = "Alfredo Deza" }
@string { a_dimitrovic_slobodan = "Slobodan Dmitrovi{\'c}" }
@string { a_doozandeh_pooyan = "Pooyan Doozandeh" }
@string { a_doyle_navara_erika = "Erika {Doyle Navara}" }
@string { a_dubourg_vincent = "Vincent Dubourg" }
@string { a_duchesnay_edouard = "Edouard Duchesnay" }
@string { a_dutka_jacques = "Jacques Dutka" }
@string { a_editors_of_encyclopaedia_britannica = "The Editors of Encyclopaedia Britannica" }
@string { a_eglen_stephen_j = "Stephen J.\ Eglen" }
@string { a_epperson_james_f = "James F.\ Epperson" }
@string { a_erwig_martin = "Martin Erwig" }
@string { a_euclid = "{{Euclid of Alexandria}~{(\ensuremath{E{\acute\upsilon}\kappa\lambda\varepsilon{\acute\iota}\delta\eta\varsigma})}}" }
@string { a_euler_leonhard = "Leonhard Euler" }
@string { a_fang_lu = "Lu Fang" }
@string { a_faulkner_steve = "Steve Faulkner" }
@string { a_fee_greg = "Greg Fee" }
@string { a_feldt_robert = "Robert Feldt" }
@string { a_feng_yu = "Yu Feng" }
@string { a_fernandez_del_rio_jaime = "Jaime {Fern{\'a}ndez del R{\'i}o}" }
@string { a_ferraiolo_jon = "Jon Ferraiolo" }
@string { a_figgins_stephen = "Stephen Figgins" }
@string { a_filaseta_michael = "Michael Filaseta" }
@string { a_finucane_stephen = "Stephen Finucane" }
@string { a_fitzpatrick_richard = "Richard Fitzpatrick" }
@string { a_flannery_brian_p = "Brian P.\ Flannery" }
@string { a_flight_robert_m = "Robert M.\ Flight" }
@string { a_fox_emily_b = "Emily B.\ Fox" }
@string { a_fowler_david = "David Fowler" }
@string { a_freitag_francois = "Fran{\c{c}}ois Freitag" }
@string { a_fufezan_christian = "Christian Fufezan" }
@string { a_fujita_toru = "Toru Fujita" }
@string { a_gamalielsson_jonas = "Jonas Gamalielsson" }
@string { a_garcia_alessandro_f = "Alessandro F.\ Garcia" }
@string { a_garnett_roman = "Roman Garnett" }
@string { a_gatto_laurent = "Laurent Gatto" }
@string { a_gaur_aakanksha = "Aakanksha Gaur" }
@string { a_gerard_marchant_pierre = "Pierre G{\'e}rard{\nobreakdashes-}Marchant" }
@string { a_ghemawat_sanjay = "Sanjay Ghemawat" }
@string { a_gift_noah = "Noah Gift" }
@string { a_gimelshein_natalia = "Natalia Gimelshein" }
@string { a_gohlke_christoph = "Christoph Gohlke" }
@string { a_gold_adam = "Adam Gold" }
@string { a_gommers_ralf = "Ralf Gommers" }
@string { a_gonzalez_benjamin = "Benjamin Gonzalez" }
@string { a_gonzalez_torres_raul_e = "Raul E.\ {Gonzalez Torres}" }
@string { a_goodwin_michael = "Michael Goodwin" }
@string { a_gramfort_alexandre = "Alexandre Gramfort" }
@string { a_grendell_lina = "Linda Grandell" }
@string { a_grisel_olivier = "Olivier Grisel" }
@string { a_goodger_david = "David Goodger" }
@string { a_grasso_anthony = "Anthony Grasso" }
@string { a_gross_sam = "Sam Gross" }
@string { a_grus_joel = "Joel Grus" }
@string { a_grys_slawomir = "S{\l}awomir Gry{\'s}" }
@string { a_haberland_matt = "Matt Haberland" }
@string { a_haldane_allan = "Allan Haldane" }
@string { a_hammoud_mohammad = "Mohammad Hammoud" }
@string { a_hammouda_imed = "Imed Hammouda" }
@string { a_han_myung_ja_k = "Myung{\nobreakdashes-}Ja K.\ Han" }
@string { a_hance_jared = "Jared Hance" }
@string { a_harris_charles_r = "Charles R.\ Harris" }
@string { a_hastings_larry = "Larry Hastings" }
@string { a_hausenblas_michael = "Michael Hausenblas" }
@string { a_heap_danny = "Danny Heap" }
@string { a_heiberg_johan_ludvig = "Johan Ludvig Heiberg" }
@string { a_helmes_christian = "Christian Heimes" }
@string { a_henriksen_ian = "Ian Henriksen" }
@string { a_herbsleb_james_d = "James D.\ Herbsleb" }
@string { a_hetland_magnus_lie = "Magnus Lie Hetland" }
@string { a_hettinger_raymond = "Raymond Hettinger" }
@string { a_hickson_ian = "Ian Hickson" }
@string { a_hilton_balfe_james = "James Hilton{\nobreakdashes-}Balfe" }
@string { a_hollasch_steve = "Steve Hollasch" }
@string { a_hoyer_stephan = "Stephan Hoyer" }
@string { a_hubbard_steve = "Steve Hubbard" }
@string { a_hunner_trey = "Trey Hunner" }
@string { a_hunter_john_d = "John D.\ Hunter" }
@string { a_hunt_john = "John Hunt" }
@string { a_irving_geoffrey = "Geoffrey Irving" }
@string { a_isard_michael = "Michael Isard" }
@string { a_ito_ysuaki = "Yasuaki Ito" }
@string { a_jackson_dean = "Dean Jackson" }
@string { a_jain_shantanu = "Shantanu Jain" }
@string { a_james_mike = "Mike James" }
@string { a_jewet_jim_j = "Jim J.\ Jewett" }
@string { a_joh_sangwoo = "Sangwoo Joh" }
@string { a_johansson_robert = "Robert Johansson" }
@string { a_johnson_stephen_curtis = "Stephen Curtis Johnson" }
@string { a_jones_eric = "Eric Jones" }
@string { a_josey_andrew = "Andrew Josey" }
@string { a_jun_fujisawa = "Jun Fujisawa" }
@string { a_kahan_william = "William Kahan" }
@string { a_katz_daniel_s = "Daniel S.\ Katz" }
@string { a_keeton_kimberly = "Kimberly Keeton" }
@string { a_kern_robert = "Robert Kern" }
@string { a_khan_faizan = "Faizan Khan" }
@string { a_killeen_trevor = "Trevor Killeen" }
@string { a_kim_sujin = "Sujin Kim" }
@string { a_kim_youil = "Youil Kim" }
@string { a_kissinger_cory = "Cory Kissinger" }
@string { a_klein_andreas = "Andreas Klein" }
@string { a_klein_bernd = "Bernd Klein" }
@string { a_klopf_andreas = "Andreas K{\"o}pf" }
@string { a_knuth_donald_ervin = "Donald Ervin Knuth" }
@string { a_kodes_katie = "Katie Kodes" }
@string { a_kohn_tobias = "Tobias Kohn" }
@string { a_komiya_takeshi = "Takeshi Komiya" }
@string { a_konovalov_alexander = "Alexander Konovalov" }
@string { a_korth_henry_f = "Henry F.\ Korth" }
@string { a_kosheleva_olga = "Olga Kosheleva" }
@string { a_krekel_holger = "Holger Krekel" }
@string { a_krueger_richard = "Richard Krueger" }
@string { a_kuchling_andrew_m = "Andrew M.\ Kuchling" }
@string { a_kudlur_manjunath = "Manjunath Kudlur" }
@string { a_landau_charles = "Charles Landau" }
@string { a_landau_edmund = "Edmund Landau" }
@string { a_langa_lukasz = "{\L}ukasz Langa" }
@string { a_larochelle_hugo = "Hugo Larochelle" }
@string { a_larson_eric = "Eric Larson" }
@string { a_laufer_konstantin = "Konstantin L{\"a}ufer" }
@string { a_laxalde_denis = "Denis Laxalde" }
@string { a_leavens_gary_t = "Gary T.\ Leavens" }
@string { a_lee_kent_d = "Kent D.\ Lee" }
@string { a_lee_michael = "Michael Lee" }
@string { a_lehtosalo_jukka = "Jukka Lehtosalo" }
@string { a_leiserson_charles_e = "Charles E.\ Leiserson" }
@string { a_leithead_travis = "Travis Leithead" }
@string { a_lerer_adam = "Adam Lerer" }
@string { a_lerner_reuven_m = "Reuven M.\ Lerner" }
@string { a_leuck_daniel = "Daniel Leuck" }
@string { a_levenberg_josh = "Josh Levenberg" }
@string { a_levkivskyi_ivan = "Ivan Levkivskyi" }
@string { a_lilley_chris = "Chris Lilley" }
@string { a_lima_luan_p = "Luan P.\ Lima" }
@string { a_lin_zeming = "Zeming Lin" }
@string { a_liu_yuxi = "Yuxi Liu" }
@string { a_lotha_gloria = "Gloria Lotha" }
@string { a_love_robert = "Robert Love" }
@string { a_lownds_tony = "Tony Lownds" }
@string { a_loy_marc = "Marc Loy" }
@string { a_luce_laurent = "Laurent Luce" }
@string { a_lun_anthony_w_c = "Anthony W.{\nobreakdashes-}C.\ Lun" }
@string { a_lundell_bjorn = "Bj{\"o}rn Lundell" }
@string { a_luschny_peter = "Peter Luschny" }
@string { a_maler_eve = "Eve Maler" }
@string { a_mann_samuel = "Samuel Mann" }
@string { a_marsh_charlie = "Charlie Marsh" }
@string { a_massa_francisco = "Francisco Massa" }
@string { a_matthias_meg = "Meg Matthias" }
@string { a_maxwell_aaron = "Aaron Maxwell" }
@string { a_mayorov_nikolay = "Nikolay Mayorov" }
@string { a_mccormack_cameron = "Cameron McCormack" }
@string { a_mcintosh_shane = "Shane McIntosh" }
@string { a_mdn_contributors = "{{MDN}~Contributors}" }
@string { a_mejia_alvarez_pedro = "Pedro {Mejia Alvarez}" }
@string { a_mendoza_mark = "Mark Mendoza" }
@string { a_meyer_andre_n = "Andr{\'e} N.\ Meyer" }
@string { a_meyer_carl = "Carl Meyer" }
@string { a_michel_vincent = "Vincent Michel" }
@string { a_mikkonen_tommi = "Tommi Mikkonen" }
@string { a_millman_jarrod_k = "K.\ Jarrod Millman" }
@string { a_mirjalili_vahid = "Vahid Mirjalili" }
@string { a_monga_rajat = "Rajat Monga" }
@string { a_moore_eric_w = "Eric W.\ Moore" }
@string { a_moore_sherry = "Sherry Moore" }
@string { a_morrell_a_j_h = "A.J.H.\ Morrell" }
@string { a_morris_sidney_a = "Sidney A.\ Morris" }
@string { a_moss_maggie = "Maggie Moss" }
@string { a_murray_derek_gordon = "Derek Gordon Murray" }
@string { a_mypy_contributors = "{\mypy~Contributors}" }
@string { a_nagy_zsolt = "Zsolt Nagy" }
@string { a_naik_ganesh = "Ganesh Naik" }
@string { a_nakano_koji = "Koji Nakano" }
@string { a_negus_christopher = "Christopher Negus" }
@string { a_nelson_andrew_r_j = "Andrew R.\ J.\ Nelson" }
@string { a_nemiroff_robert = "Robert Nemiroff" }
@string { a_neumaier_arnold = "Arnold Neumaier" }
@string { a_newham_cameron = "Cameron Newham" }
@string { a_nguyen_quan = "Quan Nguyen" }
@string { a_nield_thomas = "Thomas Nield" }
@string { a_niemeyer_patrick = "Patrick Niemeyer" }
@string { a_niven_ivan = "Ivan Niven" }
@string { a_norvig_peter = "Peter Norvig" }
@string { a_oconnor_john_j = "John J.\ O'Connor" }
@string { a_oconnor_theresa = "Theresa O'Connor" }
@string { a_okken_brian = "Brian Okken" }
@string { a_oliphant_travis_e = "Travis E.\ Oliphant" }
@string { a_ortega_cisneros_susana = "Susana {Ortega Cisneros}" }
@string { a_paixao_matheus = "Matheus Paix{\~a}o" }
@string { a_pajankar_ashwin = "Ashwin Pajankar" }
@string { a_paoli_jean = "Jean Paoli" }
@string { a_paquete_luis = "Lu{\'i}s Paquete" }
@string { a_pasareanu_corina_s = "Corina S.\ P{\u{a}}s{\u{a}}reanu" }
@string { a_passos_alexandre = "Alexandre Passos" }
@string { a_paszke_adam = "Adam Paszke" }
@string { a_pearson_kenneth_r = "Kenneth R.\ Pearson" }
@string { a_pedregosa_fabian = "Fabian Pedregos" }
@string { a_peltomaeki_mia = "Mia Peltom{\"a}ki" }
@string { a_perez_riverol_yasset = "Yasset P{\'e}rez{\nobreakdashes-}Riverol" }
@string { a_perktold_josef = "Josef Perktold" }
@string { a_perrot_matthieu = "Matthieu Perrot" }
@string { a_peters_tim = "Tim Peters" }
@string { a_peterson_pearu = "Pearu Peterson" }
@string { a_pfeiffer_silvia = "Silvia Pfeiffer" }
@string { a_phalgun_amit = "Amit Phalgun" }
@string { a_picus_matti = "Matti Picus" }
@string { a_pip_developers = "\pip\ developers" }
@string { a_polat_ilhan = "Ilhan Polat" }
@string { a_pollard_tom_j = "Tom J.\ Pollard" }
@string { a_pomerance_carl = "Carl Pomerance" }
@string { a_prados_philippe = "Philippe PRADOS" }
@string { a_press_william_h = "William H.\ Press" }
@string { a_prettenhofer_peter = "Peter Prettenhofer" }
@string { a_pylint_contributors = "{{Pylint Contributors}}" }
@string { a_pytest_dev_team = "{\pgls{pytest}{\nobreakdashes-}Dev Team}" }
@string { a_quinter_ea = "E.\ A.\ Quintero" }
@string { a_raison_martin = "Martin Raison" }
@string { a_raschka_sebastian = "Sebastian Raschka" }
@string { a_reddy_tyler = "Tyler Reddy" }
@string { a_ribeiro_antonio_h = "Ant{\^o}nio H.\ Ribeiro" }
@string { a_riesel_hans = "Hans Riesel" }
@string { a_ritter_frank_e = "Frank E. Ritter" }
@string { a_rivest_ronald_linn = "Ronald Linn Rivest" }
@string { a_robbins_arnold = "Arnold Robbins" }
@string { a_robertson_edmund_f = "Edmund F.\ Robertson" }
@string { a_robson_eleanor = "Eleanor Robson" }
@string { a_rocha_linoln_s = "Lincoln S.\ Rocha" }
@string { a_rodriguez_emily = "Emily Rodriguez" }
@string { a_romanovsky_alexander_b = "Alexander B.\ Romanovsky" }
@string { a_roscoe_timothy = "Timothy Roscoe" }
@string { a_rosenblatt_bill = "Bill Rosenblatt" }
@string { a_roth_ori = "Ori Roth" }
@string { a_rother_kristian = "Kristian Rother" }
@string { a_rubira_cacilia_m_f = "andCec{\'i}lia M.\ F.\ Rubira" }
@string { a_runeson_per = "Per Runeson" }
@string { a_ruthruff_joseph_r = "Joseph R.\ Ruthruff" }
@string { a_russel_stuart = "Stuart J.\ Russell" }
@string { a_ryou_yeonhee = "Yeonhee Ryou" }
@string { a_scacchi_walt = "Walt Scacchi" }
@string { a_sachsenberg_timo = "Timo Sachsenberg" }
@string { a_sagher_yoram = "Yoram Sagher" }
@string { a_salakoski_tapio = "Tapio Salakoski" }
@string { a_salvaneschi_guido = "Guido Salvaneschi" }
@string { a_schemenauer_neil = "Neil Schemenauer" }
@string { a_schepers_doug = "Doug Schepers" }
@string { a_schurr_andy = "Andy Sch{\"u}rr" }
@string { a_scipy_1 = "{{SciPy~1.0 Contributors}}" }
@string { a_scott_larkin_rigdway = "Larkin Ridgway Scott" }
@string { a_selivanov_yury = "Yury Selivanov" }
@string { a_seo_jiwon = "Jiwon Seo" }
@string { a_setia_veenu = "Veenu Setia" }
@string { a_sewell_chris = "Chris Sewell" }
@string { a_shafranovich_y = "Y.\ Shafranovich" }
@string { a_shahrokni_ali = "Ali Shahrokni" }
@string { a_shalev_shwartz_shai = "Shai Shalev{\nobreakdashes-}Shwartz" }
@string { a_shen_kangshen = "Shen Kangshen" }
@string { a_sheppart_kevin = "Kevin Sheppard" }
@string { a_shewchuk_jonathan_richard = "Jonathan Richard Shewchuk" }
@string { a_shimizukawa_takayuki = "Takayuki Shimizukawa" }
@string { a_siever_ellen = "Ellen Siever" }
@string { a_sigler_laurence_e = "Laurence E.\ Sigler" }
@string { a_silberschatz_avi = "Avi Silberschatz" }
@string { a_silva_sara = "Sara Silva" }
@string { a_skoulikari_anna = "Anna Skoulikari" }
@string { a_sloane_neil_james_alexander = "Neil James Alexander Sloane" }
@string { a_smith_eric_v = "Eric V.\ Smith" }
@string { a_smith_ethan = "Ethan Smith" }
@string { a_smith_nathaniel_j = "Nathaniel J.\ Smith" }
@string { a_sobolev_nikita = "Nikita Sobolev" }
@string { a_sottet_jean_sebastien = "Jean{\nobreakdashes-}S{\'e}bastien Sottet" }
@string { a_sperberg_mcqueen_c_m = "C.\ M.\ Sperberg{\nobreakdashes-}McQueen" }
@string { a_sphinx_developers = "{\Pgls{sphinx} Developers}" }
@string { a_srinivasan_pradeep_kumar = "Pradeep Kumar Srinivasan" }
@string { a_stein_clifford = "Clifford Stein" }
@string { a_steiner_benoit = "Benoit Steiner" }
@string { a_storchaka_serhiy = "Serhiy Storchaka" }
@string { a_straffin_jr_philip_d = "Philip D.\ {Straffin~Jr.}" }
@string { a_sudarshan_s = "S.\ Sudarshan" }
@string { a_sullivan_michael_j = "Michael J.\ Sullivan" }
@string { a_taylor_julian = "Julian Taylor" }
@string { a_tejani_alykhan = "Alykhan Tejani" }
@string { a_ternent_tobias = "Tobias Ternent" }
@string { a_teukolsky_saul_a = "Saul A.\ Teukolsky" }
@string { a_thirion_bertrand = "Bertrand Thirion" }
@string { a_thiruvthukal_george_k = "George K.\ Thiruvathukal" }
@string { a_tolhurst_denise = "Denise Tolhurst" }
@string { a_torregrossa_dario = "Dario Torregrossa" }
@string { a_torvalds_linus = "Linus Torvalds" }
@string { a_tran_benedict = "B{\'e}n{\'e}dikt Tran" }
@string { a_tsitoara_mariot = "Mariot Tsitoara" }
@string { a_tucker_paul_a = "Paul A.\ Tucker" }
@string { a_turner_adam = "Adam Turner" }
@string { a_uszkoreit_julian = "Julian Uszkoreit" }
@string { a_valiev_marat = "Marat Valiev" }
@string { a_vanderplas_jake = "Jake {VanderPlas}" }
@string { a_van_der_walt_stefan = "St{\'e}fan {van der Walt}" }
@string { a_van_horn_bruce_m_2 = "Bruce M.\ {Van Horn}~II" }
@string { a_van_kerkwijk_marten_h = "Marten H.\ {van Kerkwijk}" }
@string { a_van_mulbregt_paul = "Paul {van Mulbregt}" }
@string { a_van_rossum_guido = "Guido {van Rossum}" }
@string { a_van_rysdam = "Peter {van Rysdam}" }
@string { a_van_vugt_sander = "Sander {van Vugt}" }
@string { a_varoquaux_gael = "Ga{\"e}l Varoquaux" }
@string { a_varro_daniel = "D{\'a}niel Varr{\'o}" }
@string { a_vasilescu_bogdan = "Bogdan Vasilescu" }
@string { a_vasudevan_vijay = "Vijay Vasudevan" }
@string { a_vetterling_william_t = "William T.\ Vetterling" }
@string { a_virtanen_pauli = "Pauli Virtanen" }
@string { a_vizcaino_juan_antonio = "Juan Antonio Vizca{\'i}no" }
@string { a_wallach_hanna_m = "Hanna M.\ Wallach" }
@string { a_wang_rui = "Rui Wang" }
@string { a_warden_pete = "Pete Warden" }
@string { a_warnes_gregory_r = "Gregory R.\ Warnes" }
@string { a_warsaw_barry = "Barry Warsaw" }
@string { a_watt_jonathan = "Jonathan Watt" }
@string { a_weckesser_warren = "Warren Weckesser" }
@string { a_weise_thomas = "Thomas Weise" }
@string { a_weiss_ron = "Ron Weiss" }
@string { a_weisstein_eric_w = "Eric Wolfgang Weisstein" }
@string { a_whittaker_james_a = "James A.\ Whittaker" }
@string { a_wicke_martin = "Martin Wicke" }
@string { a_wiebe_mark = "Mark Wiebe" }
@string { a_wieser_eric = "Eric Wieser" }
@string { a_wilson_joshua = "Joshua Wilson" }
@string { a_wilson_kevin = "Kevin Wilson" }
@string { a_winter_collin = "Collin Winter" }
@string { a_wu_zhize = "Zhize Wu" }
@string { a_wyman_bostwick_f = "Bostwick F.\ Wyman" }
@string { a_wyman_myra_f = "Myra F.\ Wyman" }
@string { a_xiong_peng = "Peng Xiong" }
@string { a_xu_jie = "Jie Xu" }
@string { a_yanev_martin = "Martin Yanev" }
@string { a_yang_edward_z = "Edward Z.\ Yang" }
@string { a_yang_joonmo = "Joonmo Yang" }
@string { a_yang_xuanda = "Xuanda Yang" }
@string { a_ye_jingchen = "Jingchen Ye" }
@string { a_yee_ka_ping = "Ka{\nobreakdashes-}Ping Yee" }
@string { a_yergeau_francois = "Fran{\c{c}}ois Yergeau" }
@string { a_yu_yuan = "Yuan Yu" }
@string { a_zarrelli_giorgio = "Giorgio Zarrelli" }
@string { a_zheng_xiaoqiang = "Xiaoqiang Zheng" }
@string { a_zijlstra_jelle = "Jelle Zijlstra" }
@string { a_zimmermann_thomas = "Thomas Zimmermann" }
@string { a_zinoviev_dimitry = "Dmitry Zinoviev" }


%% locations
@string { l_australia_hobart = "{{Hobart}, {TAS}, {Australia}}" }
@string { l_austria_laxenburg = "{{Laxenburg}, {Austria}}" }
@string { l_canada_halifax = "{{Halifax}, {NS}, {Canada}}" }
@string { l_canada_oakville = "{{Oakville}, {ON}, {Canada}}" }
@string { l_canada_toronto = "{{Toronto}, {ON}, {Canada}}" }
@string { l_canada_vancouver = "{{Vancouver}, {BC}, {Canada}}" }
@string { l_china_beijing = "{{China}, {Beijing}}" }
@string { l_czech_republic_prague = "{{Prague}, {Czech Republic}}" }
@string { l_france_toulouse = "{{Toulouse}, {France}}" }
@string { l_germany_berin = "{{Berlin}, {Germany}}" }
@string { l_germany_freiburg = "{{Freiburg}, {Baden\nobreakdashes-W{\"u}rttemberg}, {Germany}}" }
@string { l_germany_heidelberg = "{{Heidelberg}, {Baden\nobreakdashes-W{\"u}rttemberg}, {Germany}}" }
@string { l_germany_leipzig = "{{Leipzig}, {Sachsen}, {Germany}}" }
@string { l_germany_munich = "{{M{\"u}nchen}, {Bayern}, {Germany}}" }
@string { l_germany_wadern = "{{Wadern}, {Saarland}, {Germany}}" }
@string { l_germany_weinheim = "{{Weinheim}, {Baden\nobreakdashes-W{\"u}rttemberg}, {Germany}}" }
@string { l_iceland_reykjavik = "{{Reykjav{\'i}k}, {Iceland}}" }
@string { l_india_noida = "{{Noida}, {Uttar Pradesh}, {India}}" }
@string { l_japan_higashi_hiroshima = "{{Higashi\nobreakdashes-Hiroshima}, {Japan}}" }
@string { l_netherlands_amsterdam = "{{Amsterdam}, {The~Netherlands}}" }
@string { l_portugal_lisbon = "{{Lisbon}, {Portugal}}" }
@string { l_qatar_doha = "{{Doha}, {Qatar}}" }
@string { l_russia_petropolis = "{{Petropolis} {(St.~Petersburg)}, {Russia}}" }
@string { l_spain_leioa = "{{Leioa}, {Bizkaia}, {Spain}}" }
@string { l_switzerland_cham = "{{Cham}, {Switzerland}}" }
@string { l_switzerland_geneva = "{{Geneva}, {Switzerland}}" }
@string { l_switzerland_winterthur = "{{Winterthur}, {Switzerland}}" }
@string { l_tunisia_hammamet = "{{Hammamet}, {Tunisia}}" }
@string { l_uk_birmingham = "{{Birmingham}, {England}, {UK}} " }
@string { l_uk_cambridge = "{{Cambridge}, {England}, {UK}}" }
@string { l_uk_chichester = "{{Chichester}, {West Sussex}, {England}, {UK}}" }
@string { l_uk_edinburgh = "{{Edinburgh}, {Scotland}, {UK}}" }
@string { l_uk_london = "{{London}, {England}, {UK}}" }
@string { l_uk_oxford = "{{Oxford}, {Oxfordshire}, {England}, {UK}}" }
@string { l_uk_st_andrews = "{{St~Andrews}, {Scotland}, {UK}}" }
@string { l_usa_armonk = "{Armonk, {NY}, {USA}}" }
@string { l_usa_austin = "{{Austin}, {TX}, {USA}}" }
@string { l_usa_beaverton = "{{Beaverton}, {OR}, {USA}}" }
@string { l_usa_belmont = "{{Belmont}, {MA}, {USA}}" }
@string { l_usa_berkeley = "{{Berkeley}, {CA}, {USA}}" }
@string { l_usa_boston = "{{Boston}, {MA}, {USA}}" }
@string { l_usa_boca_raton = "{{Boca Raton}, {FL}, {USA}}" }
@string { l_usa_catonsville = "{{Catonsville}, {MD}, {USA}}" }
@string { l_usa_cambridge = "{{Cambridge}, {MA}, {USA}}" }
@string { l_usa_centennial = "{{Centennial}, {CO}, {USA}}" }
@string { l_usa_champaign = "{{Champaign}, {IL}, {USA}}" }
@string { l_usa_chicago = "{{Chicago}, {IL}, {USA}}" }
@string { l_usa_cincinnati = "{{Cincinnati}, {OH}, {USA}}" }
@string { l_usa_columbia = "{{Columbia}, {SC}, {USA}}" }
@string { l_usa_dallas = "{{Dallas}, {TX}, {USA}}" }
@string { l_usa_dublin = "{{Dublin}, {OH}, {USA}}" }
@string { l_usa_flower_mound = "{{Flower Mound}, {TX}, {USA}}" }
@string { l_usa_hanover = "{{Hanover}, {MD}, {USA}}" }
@string { l_usa_highland_park = "{{Highland Park}, {NJ}, {USA}}" }
@string { l_usa_hoboken = "{{Hoboken}, {NJ}, {USA}}" }
@string { l_usa_ithaca = "{{Ithaca}, {NY}, {USA}}" }
@string { l_usa_lake_buena_vista = "{{Lake Buena Vista}, {FL}, {USA}}" }
@string { l_usa_los_alamitos = "{{Los Alamitos}, {CA}, {USA}}" }
@string { l_usa_new_york = "{{New York}, {NY}, {USA}}" }
@string { l_usa_piscataway = "{{Piscataway}, {NJ}, {USA}}" }
@string { l_usa_portland = "{{Portland}, {OR}, {USA}}" }
@string { l_usa_princeton = "{{Princeton}, {NJ}, {USA}}" }
@string { l_usa_providence = "{{Providence}, {RI}, {USA}}" }
@string { l_usa_reading = "{{Reading}, {MA}, {USA}}" }
@string { l_usa_redmond = "{{Redmond}, {WA}, {USA}}" }
@string { l_usa_redwood_city = "{{Redwood City}, {CA}, {USA}}" }
@string { l_usa_redwood_shores = "{{Redwood Shores}, {CA}, {USA}}" }
@string { l_usa_reston = "{{Reston}, {VA}, {USA}}" }
@string { l_usa_rochester = "{{Rochester}, {MI}, {USA}}" }
@string { l_usa_salt_lake_city = "{{Salt Lake City}, {UT}, {USA}}" }
@string { l_usa_san_diego = "{{San Diego}, {CA}, {USA}}" }
@string { l_usa_san_francisco = "{{San Francisco}, {CA}, {USA}}" }
@string { l_usa_san_jose = "{{San Jose}, {CA}, {USA}}" }
@string { l_usa_savannah = "{{Savannah}, {GA}, {USA}}" }
@string { l_usa_seattle = "{{Seattle}, {WA}, {USA}}" }
@string { l_usa_sebastopol = "{{Sebastopol}, {CA}, {USA}}" }
@string { l_usa_shelter_island = "{{Shelter Island}, {NY}, {USA}}" }
@string { l_usa_south_san_francisco = "{{South San Francisco}, {CA}, {USA}}" }
@string { l_usa_wakefield = "{{Wakefield}, {MA}, {USA}}" }
@string { l_usa_washington_dc = "{{Washington}, {DC}, {USA}}" }
@string { l_usa_wilmington = "{{Wilmington}, {DE}, {USA}}" }


%% publishers
@string { p_aci_learning = "{{ACI} Learning}" }
@string { p_acm = "{Association for Computing Machinery~({ACM})}" }
@string { p_active_state = "{ActiveState Software~Inc.}" }
@string { p_addison_wesley = "{Addison\nobreakdashes-Wesley Professional}" }
@string { p_addison_wesley_longman = "{Addison Wesley Longman Publishing Co.,~Inc.}" }
@string { p_adobe = "{Adobe Systems Incorporated}" }
@string { p_amacom = "{AMACOM}" }
@string { p_ams = "{American Mathematical Society~({AMS})}" }
@string { p_apress = "{Apress Media,~LLC}" }
@string { p_asa = "{American Standards Association Incorporated}" }
@string { p_astral = "{Astral Software~Inc.}" }
@string { p_bell_labs = "{Bell Telephone Laboratories, Incorporated}" }
@string { p_birkhauser_boston = "{Birkh{\"a}user}" }
@string { p_bruhin_software = "{Bruhin Software}" }
@string { p_cambridge_uni_press_ass = "{Cambridge University Press \& Assessment}" }
@string { p_canonical = "{Canonical~Ltd.}" }
@string { p_carnegie_mellon_university_qatar = "{Carnegie Mellon University Qatar}" }
@string { p_cnri = "{Corporation for National Research Initiatives~({CNRI})}" }
@string { p_crc_press = "{{CRC} Press}" }
@string { p_cornell_university_library = "{Cornell Universiy Library}" }
@string { p_document_foundation = "{The Document Foundation}" }
@string { p_ecma = "{Ecma International}" }
@string { p_elsevier = "{Elsevier~B.V.}" }
@string { p_encyclopaedia_britannica_inc = "{Encyclop{\ae}dia Britannica,~Inc.}" }
@string { p_geeksforgeeks = "{GeeksforGeeks -- Sanchhaya Education Private Limited}" }
@string { p_github = "{\github~Inc}" }
@string { p_hanser_verlag = "{Carl Hanser Verlag GmbH \& Co.~KG}" }
@string { p_hiroshima_university_dep_ie = "{Department of Information Engineering, Hiroshima University}" }
@string { p_ibm = "{International Business Machines Corporation~{(IBM)}}" }
@string { p_iec = "{International Electrotechnical Commission~{(IEC)}}" }
@string { p_ieee = "{Institute of Electrical and Electronics Engineers~{(IEEE)}}" }
@string { p_ieee_computer_society = "{{IEEE}~Computer Society}" }
@string { p_ietf = "{Internet Engineering Task Force~{(IETF)}}" }
@string { p_ifip = "{International Federation for Information Processing~{(IFIP)}}" }
@string { p_infinite_skills = "{Infinite Skills~Inc}" }
@string { p_informs = "{The Institute for Operations Research and the Management Sciences~({INFORMS})}" }
@string { p_io_press = "{{I/O}~Press}" }
@string { p_iso = "{International Organization for Standardization~{(ISO)}}" }
@string { p_jetbrains = "{JetBrains}" }
@string { p_leibniz_zentrum_fur_informatik = "{{Schloss Dagstuhl} -- {Leibniz\nobreakdashes-Zentrum f{\"u}r Informatik}}" }
@string { p_libraries_unlimited = "{Libraries Unlimited}" }
@string { p_logilab = "{Logilab}" }
@string { p_manning_publications = "{Manning Publications}" }
@string { p_mcgraw_hill = "{McGraw\nobreakdashes-Hill}" }
@string { p_merlinux = "{merlinux GmbH}" }
@string { p_microsoft = "{Microsoft Corporation}" }
@string { p_mit_press = "{{MIT} Press}" }
@string { p_mozilla_corporation = "{Mozilla Corporation}" }
@string { p_nasa = "{National Aeronautics and Space Administration~{(NASA)}}" }
@string { p_nasa_asd = "{Astrophysics Science Division~{(ASD)}}, " # p_nasa }
@string { p_neurips = "{The Neural Information Processing Systems Foundation~{(NeurIPS)}}" }
@string { p_north_holland = "{North\nobreakdashes-Holland Publishing Co.}" }
@string { p_oeis_foundation = "{The {OEIS} Foundation~Inc.}" }
@string { p_open_group = "{The Open Group}" }
@string { p_oracle = "{Oracle Corporation}" }
@string { p_oreilly = "{{O'Reilly} Media,~Inc.}" }
@string { p_oxford_university_cl = "{Oxford University Computing Laboratory}" }
@string { p_oxford_university_press = "{Oxford University Press}" }
@string { p_packt = "{Packt Publishing Ltd}" }
@string { p_payhip = "{Payhip}" }
@string { p_pearson_education = "{Pearson Education,~Inc.}" }
@string { p_microsoft_press = "{Microsoft Press}, " # p_pearson_education }
@string { p_pearson_it_certification = "{Pearson {IT} Certification}" }
@string { p_plos = "{Public Library of Science~{(PLOS)}}" }
@string { p_pragmatic_ai_labs = "{Pragmatic {AI} Labs}" }
@string { p_pragmatic_bookshelf = "{{Pragmatic Bookshelf} {by} {The Pragmatic Programmers, {L.L.C.}}}" }
@string { p_princeton_university_press = "{Princeton University Press}" }
@string { p_project_gutenberg = "{Project Gutenberg Literary Archive Foundation}" }
@string { p_python_morsels = "{\python\ Morsels}" }
@string { p_python_software_foundation = "{\python\ Software Foundation~{(PSF)}}" }
@string { p_readthedocs_inc = "{Read the Docs,~Inc.}" }
@string { p_springer_cham = "{Springer}" }
@string { p_springer_nature_limited = "{Springer Nature Limited}" }
@string { p_springer_new_york = "{Springer New York}" }
@string { p_springer_science_and_business = "{Springer Science+Business Media}" }
@string { p_springer_verlag = "{Springer\nobreakdashes-Verlag {GmbH} Germany}" }
@string { p_story_needle = "{Story Needle}" }
@string { p_taylor_and_francis = "{Taylor and Francis~Ltd.}" }
@string { p_teubner_b_g = "{B.~G.~Teubner}" }
@string { p_tidelift = "{Tidelift,~Inc.}" }
@string { p_typis_academiae = "{Typis Academiae}" }
@string { p_unicode_consortium = "{The Unicode Consortium}" }
@string { p_universidad_del_pais_vasco = "{{Universidad del Pa{\'i}s Vasco} / {Euskal Herriko Unibertsitatea}}" }
@string { p_university_of_south_carolina = "{University of South Carolina}" }
@string { p_university_of_st_andrews_somas = "{{University of St~Andrews}, {School of Mathematics and Statistics}}" }
@string { p_university_of_texas_austin = "{The University of Texas at Austin}" }
@string { p_university_of_toronto_cs = "{{Department of Computer Science}, {University of Toronto}}" }
@string { p_university_of_washington = "{University of Washington}" }
@string { p_usas = "{United States of America Standards Institute~{(USAS)}}" }
@string { p_usenix = "{{USENIX} Association}" }
@string { p_w3c = "{World Wide Web Consortium~{(W3C)}}" }
@string { p_wiley = "{Wiley}" }
@string { p_wiley_and_sons_ltd = "{John Wiley and Sons~Ltd.}" }
@string { p_wiley_vch = "{Wiley\nobreakdashes-VCH GmbH}" }
@string { p_wolfram_research = "{Wolfram Research,~Inc.}" }


%% publisher addresses
@string { pa_aci_learning = l_usa_centennial }
@string { pa_acm = l_usa_new_york }
@string { pa_active_state = l_canada_vancouver }
@string { pa_addison_wesley = l_usa_reading }
@string { pa_addison_wesley_longman = l_usa_redwood_city }
@string { pa_adobe = l_usa_san_jose }
@string { pa_amacom = l_usa_new_york }
@string { pa_ams = l_usa_providence }
@string { pa_apress = l_usa_new_york }
@string { pa_asa = l_usa_new_york }
@string { pa_astral = l_usa_new_york }
@string { pa_bell_labs = l_usa_new_york }
@string { pa_birkhauser_boston = l_usa_boston }
@string { pa_bruhin_software = l_switzerland_winterthur }
@string { pa_cambridge_uni_press_ass = l_uk_cambridge }
@string { pa_canonical = l_uk_london }
@string { pa_carnegie_mellon_university_qatar = l_qatar_doha }
@string { pa_cnri = l_usa_reston }
@string { pa_cornell_university_library = l_usa_ithaca }
@string { pa_document_foundation = l_germany_berin }
@string { pa_crc_press = l_usa_boca_raton }
@string { pa_ecma = l_switzerland_geneva }
@string { pa_elsevier = l_netherlands_amsterdam }
@string { pa_encyclopaedia_britannica_inc = l_usa_chicago }
@string { pa_geeksforgeeks = l_india_noida}
@string { pa_github = l_usa_san_francisco }
@string { pa_hanser_verlag = l_germany_munich }
@string { pa_hiroshima_university_dep_ie = l_japan_higashi_hiroshima }
@string { pa_ibm = l_usa_armonk }
@string { pa_iso_iec = l_switzerland_geneva }
@string { pa_ieee = l_usa_piscataway }
@string { pa_ieee_computer_society = l_usa_los_alamitos }
@string { pa_ieee_ny = l_usa_new_york }
@string { pa_ietf = l_usa_wilmington }
@string { pa_ifip = l_austria_laxenburg }
@string { pa_infinite_skills = l_canada_oakville }
@string { pa_informs = l_usa_catonsville }
@string { pa_jetbrains = l_czech_republic_prague }
@string { pa_leibniz_zentrum_fur_informatik = l_germany_wadern }
@string { pa_libraries_unlimited = l_usa_dublin }
@string { pa_logilab = l_france_toulouse }
@string { pa_manning_publications = l_usa_shelter_island }
@string { pa_mcgraw_hill = l_usa_new_york }
@string { pa_merlinux = l_germany_freiburg }
@string { pa_microsoft = l_usa_redmond }
@string { pa_mit_press = l_usa_cambridge }
@string { pa_mozilla_corporation = l_usa_san_francisco }
@string { pa_nasa = l_usa_washington_dc }
@string { pa_nasa_asd = l_usa_hanover }
@string { pa_neurips = l_usa_san_diego }
@string { pa_north_holland = l_netherlands_amsterdam }
@string { pa_oeis_foundation = l_usa_highland_park }
@string { pa_open_group = l_usa_san_francisco }
@string { pa_oracle = l_usa_redwood_shores }
@string { pa_oreilly = l_usa_sebastopol }
@string { pa_oxford_university_cl = l_uk_oxford }
@string { pa_oxford_university_press = l_uk_oxford }
@string { pa_packt = l_uk_birmingham }
@string { pa_payhip = l_uk_london }
@string { pa_pearson_education = l_usa_hoboken }
@string { pa_microsoft_press = pa_pearson_education }
@string { pa_pearson_it_certification = pa_pearson_education }
@string { pa_plos = l_usa_san_francisco }
@string { pa_pragmatic_ai_labs = l_usa_san_francisco }
@string { pa_pragmatic_bookshelf = l_usa_flower_mound }
@string { pa_princeton_university_press = l_usa_princeton }
@string { pa_project_gutenberg = l_usa_salt_lake_city }
@string { pa_python_morsels = l_iceland_reykjavik }
@string { pa_python_software_foundation = l_usa_beaverton }
@string { pa_readthedocs_inc = l_usa_portland }
@string { pa_springer_cham = l_switzerland_cham }
@string { pa_springer_nature_limited = l_uk_london }
@string { pa_springer_new_york = l_usa_new_york }
@string { pa_springer_science_and_business = l_usa_new_york }
@string { pa_springer_verlag = l_germany_heidelberg }
@string { pa_taylor_and_francis = l_uk_london }
@string { pa_teubner_b_g = l_germany_leipzig }
@string { pa_tidelift = l_usa_boston }
@string { pa_typis_academiae = l_russia_petropolis }
@string { pa_unicode_consortium = l_usa_south_san_francisco }
@string { pa_universidad_del_pais_vasco = l_spain_leioa }
@string { pa_university_of_south_carolina = l_usa_columbia }
@string { pa_university_of_st_andrews_somas = l_uk_st_andrews }
@string { pa_university_of_texas_austin = l_usa_austin }
@string { pa_university_of_toronto_cs = l_canada_toronto }
@string { pa_university_of_washington = l_usa_seattle }
@string { pa_usas = l_usa_new_york }
@string { pa_usenix = l_usa_berkeley }
@string { pa_w3c = l_usa_wakefield }
@string { pa_wiley = l_usa_hoboken }
@string { pa_wiley_and_sons_ltd = l_uk_chichester }
@string { pa_wiley_vch = l_germany_weinheim }
@string { pa_wolfram_research = l_usa_champaign }


%% conferences
@xdata{c_gecco,
 publisher = p_acm,
 address = pa_acm,
}

@xdata{c_osdi,
 publisher = p_usenix,
 address = pa_usenix,
}


%% journals
@xdata{j_acs,
 journal = {{ACM} Computing Surveys~({CSUR})},
 publisher = p_acm,
 address = pa_acm,
 issn = {0360-0300},
}

@xdata{j_afhoes,
 journal = {Archive for History of Exact Sciences},
 issn = {0003-9519},
 publisher = p_springer_verlag,
 address = pa_springer_verlag
}

@xdata{j_c,
 journal = {Computing},
 publisher = p_springer_verlag,
 address = pa_springer_verlag,
 issn = {0010-485X},
}

@xdata{j_ca,
 journal = {Communications of the {ACM}~({CACM})},
 publisher = p_acm,
 address = pa_acm,
 issn = {0001-0782},
}

@xdata{j_casp,
 journal = {Commentarii Academiae Scientiarum Petropolitanae},
 publisher = p_typis_academiae,
 address = pa_typis_academiae
}

@xdata{j_cisae,
 journal = {Computing in Science \& Engineering},
 publisher = p_ieee,
 address = pa_ieee,
 issn = {1521-9615},
}

@xdata{j_dcg,
 journal = {Discrete \& Computational Geometry},
 issn = {0179-5376},
 publisher = p_springer_nature_limited,
 address = pa_springer_nature_limited
}

@xdata{j_ese,
 journal = {Empirical Software Engineering:~{A}n International Journal},
 publisher = p_springer_nature_limited,
 address = pa_springer_nature_limited,
 issn = {1382-3256},
}

@xdata{j_hm,
 journal = {Historia Mathematica},
 issn = {0315-0860},
 publisher = p_elsevier,
 address = pa_elsevier
}

@xdata{j_iast,
 journal = {Information and Software Technology},
 publisher = p_elsevier,
 address = pa_elsevier,
 issn = {0950-5849},
}

@xdata{j_ijnc,
 journal = {International Journal of Networking and Computing~{(IJNC)}},
 issn = {2185-2839},
 url = {http://www.ijnc.org},
 publisher = p_hiroshima_university_dep_ie,
 address = pa_hiroshima_university_dep_ie
}

@xdata{j_ijoc,
 journal = {{INFORMS}~Journal on Computing},
 issn = {1091-9856},
 publisher = p_informs,
 address = pa_informs
}

@xdata{j_ijose,
 title = {{IEEE}~Transactions on Software Engineering},
 publisher = p_ieee_computer_society,
 address = pa_ieee_computer_society,
 issn = {0098-5589},
}

@xdata{j_is,
 title = {{IEEE}~Software},
 publisher = p_ieee,
 address = pa_ieee,
 issn = {0740-7459},
}

@xdata{j_itose,
 journal = {{IEEE} Transactions on Software Engineering},
 publisher = p_ieee,
 address = pa_ieee,
 issn = {0098-5589},
}

@xdata{j_jomlr,
 journal = {Journal of Machine Learning Research~{(JMLR)}},
 issn = {1532-4435},
 publisher = p_mit_press,
 address = pa_mit_press,
}

@xdata{j_josas,
 journal = {Journal of Systems and Software},
 publisher = p_elsevier,
 address = pa_elsevier,
 issn = {0164-1212},
}

@xdata{j_lum,
 journal = {;login:~Usenix Magazin},
 publisher = p_usenix,
 address = pa_usenix,
 issn = {1044-6397},
}

@xdata{j_mm,
 journal = {Mathematics Magazine},
 publisher = p_taylor_and_francis,
 address = pa_taylor_and_francis,
 issn = {0025-570X},
}

@xdata{j_mst,
 journal = {Mathematical Systems Theory},
 issn = {1432-4350},
 publisher = p_springer_science_and_business,
 address = pa_springer_science_and_business,
}

@xdata{j_n,
 journal = {Nature},
 issn = {0028-0836},
 publisher = p_springer_nature_limited,
 address = pa_springer_nature_limited
}

@xdata{j_nm,
 journal = {Nature Methods},
 issn = {1548-7091},
 publisher = p_springer_nature_limited,
 address = pa_springer_nature_limited
}

@xdata{j_notams,
 journal = {Notices of the American Mathematical Society},
 publisher = p_ams,
 address = pa_ams,
 issn = {1088-9477}
}

@xdata{j_oscdo,
 journal = {Ontology Studies (Cuadernos de Ontolog{\'i}a)},
 issn = {1576-2270},
 publisher = p_universidad_del_pais_vasco,
 address = pa_universidad_del_pais_vasco,
}

@xdata{j_pcb,
 journal = {{PLOS} Computational Biology},
 issn = {1553-7358},
 publisher = p_plos,
 address = pa_plos
}

@xdata{j_tamm,
 journal = {The American Mathematical Monthly},
 publisher = p_taylor_and_francis,
 address = pa_taylor_and_francis,
 issn = {1930-0972},
}

@xdata{j_xrds,
 journal = {{XRDS}:~Crossroads, The~{ACM}~Magazine for Students},
 issn = {1528-4972},
 publisher = p_acm,
 address = pa_acm,
}

@xdata{j_zamm,
 title = {ZAMM -- Journal of Applied Mathematics and Mechanics / {Zeitschrift f{\"u}r Angewandte Mathematik und Mechanik}},
 publisher = p_wiley_vch,
 address = pa_wiley_vch,
 issn = {0044-2267},
}


%% report types
@xdata{rep_arxiv_corr,
 type = {{arXiv.org}:~Computing Research Repository~{(CoRR)}},
 institution = p_cornell_university_library,
 address = pa_cornell_university_library
}

@xdata{rep_blcstr,
 type = {Computing Science Technical Report},
 institution = p_bell_labs,
 address = pa_bell_labs
}

@xdata{rep_cnri_proposal,
 institution = p_cnri,
 address = pa_cnri,
 type = {{CNRI}~Proposal},
}

@xdata{rep_ecma_standard,
 institution = p_ecma,
 address = pa_ecma,
 type = {Standard},
}

@xdata{rep_iso_iec_standard,
 institution = p_iso # and # p_iec,
 address = pa_iso_iec,
 type = {International Standard},
}

@xdata{rep_ieee_standard,
 institution = p_ieee,
 address = pa_ieee_ny,
 type = {{IEEE}~Std},
}

@xdata{rep_pep,
 type = {\python\ Enhancement Proposal~{(PEP)}},
 institution = p_python_software_foundation,
 address = pa_python_software_foundation
}

@xdata{rep_nsotprocg,
 type = {National Standard of the People's Republic of China~{(GB)}},
 address = l_china_beijing
}

@xdata{rep_rfc,
 institution = p_ietf,
 address = pa_ietf,
 type = {Request for Comments~(RFC)},
 issn = {2070-1721}
}



%% series
@xdata{ser_bs,
 series = {Bible Series},
 publisher = p_wiley_and_sons_ltd,
 address = pa_wiley_and_sons_ltd
}

@xdata{ser_iaiiact,
 series = {{IFIP}~Advances in Information and Communication Technology~{(IFIPAICT)}},
 publisher = p_springer_verlag,
 address = pa_springer_verlag,
 issn = {1868-4238},
}

@xdata{ser_isor,
 series = {International Series in Operations Research \& Management Science~{(ISOR)}},
 publisher = p_springer_cham,
 address = pa_springer_cham,
 issn = {0884-8289},
}

@xdata{ser_lipics,
 series = {Leibniz International Proceedings in Informatics~{(LIPIcs)}},
 issn = {1868-8969},
 publisher = p_leibniz_zentrum_fur_informatik,
 address = pa_leibniz_zentrum_fur_informatik
}

@xdata{ser_oeis,
 editor = a_conway_john_horton,
 series = {The On-Line Encyclopedia of Integer Sequences},
 publisher = p_oeis_foundation,
 address = pa_oeis_foundation,
}

@xdata{ser_pm,
 series = {Progress in Mathematics~{(PM)}},
 issn = {0743-1643},
 publisher = p_springer_science_and_business,
 address = pa_springer_science_and_business
}

@xdata{ser_sasithomaps,
 series = {Sources and Studies in the History of Mathematics and Physical Sciences},
 issn = {2196-8810},
 publisher = p_springer_new_york,
 address = pa_springer_new_york,
}

@xdata{ser_sbics,
 series = {{SpringerBriefs} in Computer Science},
 publisher = p_springer_cham,
 address = pa_springer_cham,
 issn = {2191-5768},
}

@xdata{ser_taocp,
 series = {The Art of Computer Programming},
 author = a_knuth_donald_ervin,
 publisher = p_addison_wesley,
 address = pa_addison_wesley
}

@xdata{ser_u,
 series = {Universitext~{(UTX)}},
 issn = {0172-5939},
}

@xdata{ser_utics,
 publisher = p_springer_cham,
 address = pa_springer_cham,
 series = {Undergraduate Topics in Computer Science~{(UTICS)}},
}

@xdata{ser_w3cr,
 series = {{W3C}~Recommendation},
 publisher = p_w3c,
 address = pa_w3c,
}

@xdata{ser_zvegdwiih,
 author = a_bachmann_paul_gustav_heinrich,
 publisher = p_teubner_b_g,
 address = pa_teubner_b_g,
 series = {Zahlentheorie:~Versuch einer Gesamtdarstellung dieser Wissenschaft in ihren Haupttheilen}
}


%% contents
@book{A2002D,
 author = a_agans_david_j,
 title = {Debugging},
 date = {2002-09},
 publisher = p_amacom,
 address = pa_amacom,
 isbn = {9780814426784}
}

@collection{A2002PC,
 title = {\python\ Cookbook},
 editor = a_ascher_david,
 edition = {1},
 date = {2002-07},
 publisher = p_oreilly,
 address = pa_oreilly,
 isbn = {9780596001674},
}

@book{A2008P3DMPDFP1P1,
 title = {PDF~32000\nobreakdashes-1:2008 -- Document Management -- Portable Document Format -- Part~1:~{PDF~1.7}},
 edition = {1},
 date = {2008-07-01},
 publisher = p_adobe,
 address = pa_adobe,
 url = {https://pdf-lib.js.org/assets/with_large_page_count.pdf},
 urldate = {2024-12-12},
}

@book{A2020XLATDOEOL,
 author = a_andrews_michael,
 title = {\Pgls{xml}, Latin, and the Demise or Endurance of Languages},
 date = {2020-11-23},
 publisher = p_story_needle,
 url = {https://storyneedle.com/xml-latin-and-the-demise-or-endurance-of-languages},
 urldate = {2024-12-15},
}

@book{A2024WDPM,
 title = {What does {PDF} mean?},
 publisher = p_adobe,
 address = pa_adobe,
 date = {2024},
 url = {https://www.adobe.com/acrobat/about-adobe-pdf.html},
 urldate = {2024-12-12}
}

@inproceedings{ABCCDDDGIIKLMMMSTVWWYZ2016TASFLSML,
 author = a_abadi_marin # and # a_barham_paul # and # a_chen_jianmin # and # a_chen_zhifeng # and # a_davis_andy # and # a_dean_jeffrey # and # a_devin_metthieu # and # a_ghemawat_sanjay # and # a_irving_geoffrey # and # a_isard_michael # and # a_kudlur_manjunath # and # a_levenberg_josh # and # a_monga_rajat # and # a_moore_sherry # and # a_murray_derek_gordon # and # a_steiner_benoit # and # a_tucker_paul_a # and # a_vasudevan_vijay # and # a_warden_pete # and # a_wicke_martin # and # a_yu_yuan # and # a_zheng_xiaoqiang,
 title = {\tensorflow:~{A} System for Large\nobreakdashes-Scale Machine Learning},
 crossref = {PROC2016OSDI},
 pages = {265--283},
 url = {https://www.usenix.org/conference/osdi16/technical-sessions/presentation/abadi},
 urldate = {2024-06-26}
}

@book{APM1991AAAFI,
 author = a_arthur_jones # and # a_pearson_kenneth_r # and # a_morris_sidney_a,
 title = {Abstract Algebra and Famous Impossibilities},
 date = {1991},
 publisher = p_springer_new_york,
 address = pa_springer_new_york,
 doi = {10.1007/978-1-4419-8552-1},
 isbn = {978-1-4419-8552-1},
 xdata = {ser_u},
}

@inbook{APM1991TOEAP,
 title = {Transcendence of~\numberE\ and~\numberPi},
 crossref = {APM1991AAAFI},
 chapter = {9},
 pages = {115--161},
 doi = {10.1007/978-1-4419-8552-1_8},
}

@book{AS2019DS2OSRP,
 title = {Developer Survey~2019:~Open Source Runtime Pains},
 publisher = p_active_state,
 address = pa_active_state,
 date = {2019-04-30},
 url = {https://cdn.activestate.com/wp-content/uploads/2019/05/ActiveState-Developer-Survey-2019-Open-Source-Runtime-Pains.pdf},
 urldate = {2024-12-29},
}

@techreport{ASA1963ASCII,
 title = {American Standard Code for Information Interchange~{(ASCII~1963)}},
 date = {1963-06-17},
 number = {ASA~X3.4-1963},
 institution = p_asa,
 address = pa_asa,
 url = {https://www.sensitiveresearch.com/Archive/CharCodeHist/Files/CODES%20standards%20documents%20ASCII%20Sean%20Leonard%20Oct%202015/ASCII%2063,%20X3.4-1963.pdf},
 urldate = {2024-07-26}
}

@book{B1894DAZDVPB,
 title = {{Die Analytische Zahlentheorie} / {Dargestellt von Paul Bachmann}},
 xdata = {ser_zvegdwiih},
 number = {{Zweiter Theil}},
 date = {1894},
 isbn = {1418169633},
 url = {http://gallica.bnf.fr/ark:/12148/bpt6k994750},
 urldate = {2023-12-13}
}

@inproceedings{B1968NSIMA,
 author = a_babuska_ivo,
 title = {Numerical Stability in Mathematical Analysis},
 pages = {11-23},
 crossref = {PROC1968IFIP1}
}

@article{B1991IWNT,
 author = a_beigel_richard,
 title = {Irrationality without Number Theory},
 xdata = {j_tamm},
 date = {1991-04},
 volume = {98},
 number = {4},
 pages = {332--335},
 doi = {10.1080/00029890.1991.12000762},
 url = {https://cis.temple.edu/~beigel/papers/irrationality-amm.PS.gz},
 urldate = {2024-07-06},
}

@book{B1999PP,
 author = a_bentley_jon,
 title = {Programming Pearls},
 edition = {2},
 publisher = p_addison_wesley,
 address = pa_addison_wesley,
 date = {1999-10-07},
 isbn = {978-0201657883}
}

@techreport{B1999FAOTBEA,
 author = a_brent_richard_p,
 title = {Further Analysis of the Binary {Euclidean} Algorithm},
 xdata = {rep_arxiv_corr},
 number = {abs/1303.2772},
 date = {1999-11/2013-03-12},
 url = {https://arxiv.org/abs/1303.2772},
 urldate = {2024-09-28},
 doi = {10.48550/arXiv.1303.2772},
 addendum = {\mbox{arXiv:1303.2772v1} \mbox{[cs.DS]} \mbox{12~Mar~2013}. Report number~\mbox{PRG~TR-7-99} of } # pa_oxford_university_cl # {:~} # p_oxford_university_cl # {, } # nov # {~1999, see \url{https://maths-people.anu.edu.au/~brent/pd/rpb183tr.pdf}},
}

@book{B2008EJ,
 author = a_bloch_joshua,
 title = {Effective \Pgls{Java}},
 publisher = p_addison_wesley,
 address = pa_addison_wesley,
 date = {2008-05},
 isbn = {0321356683},
}

@article{B2012DPWP,
 author = a_beazley_david_m,
 title = {Data Processing with \pandas},
 xdata = {j_lum},
 volume = {37},
 number = {6},
 date = {2012-12},
 url = {https://www.usenix.org/publications/login/december-2012-volume-37-number-6/data-processing-pandas},
 urldate = {2024-06-25},
}

@techreport{B2017TJONJDIF,
 author = a_bray_tim,
 title = {The \pgls{javascript} Object Notation~(\pgls{json}) Data Interchange Format},
 xdata = {rep_rfc},
 number = {8259},
 date = {2017-12},
 url = {https://datatracker.ietf.org/doc/html/rfc8259},
 urldate = {2024-12-15},
}

@book{B2022ELATCL,
 author = a_barret_daniel_j,
 title = {Efficient \linux\ at the Command Line},
 date = {2022-02},
 publisher = p_oreilly,
 address = pa_oreilly,
 isbn = {9781098113407}
}

@book{B2023G2GLS,
 author = a_beuke_fabian,
 title = {{GitHut~2.0}:~\github\ Language Statistics},
 date = {2023},
 publisher = p_github,
 address = pa_github,
 url = {https://madnight.github.io/githut/},
 urldate = {2024-06-24}
}

@book{B2023PFS,
 author = a_bruhin_florian,
 title = {\python\ \pglspl{fstring}},
 publisher = p_bruhin_software,
 address = pa_bruhin_software,
 date = {2023-05-31},
 url = {https://fstring.help},
 urldate = {2024-07-25},
}

@book{B2023T,
 author = {AndrewBadr},
 title = {TimeComplexity},
 publisher = p_python_software_foundation,
 address = pa_python_software_foundation,
 date = {2023-01-19},
 url = {https://wiki.python.org/moin/TimeComplexity},
 urldate = {2024-08-27},
}

@book{B2023W1IO,
 author = a_bott_ed,
 title = {\windows~11 Inside Out},
 date = {2023-02},
 isbn = {9780137691326},
 publisher = p_microsoft_press,
 address = pa_microsoft_press,
 execute = {\sloppy}
}

@techreport{BB2019AEAOTPPIP,
 author = a_bommarito_ethan # and # a_bommarito_michael,
 title = {An Empirical Analysis of the \python\ Package Index~(\pypi)},
 xdata = {rep_arxiv_corr},
 number = {abs/1907.11073},
 date = {2019-07-26},
 url = {https://arxiv.org/abs/1907.11073},
 urldate = {2024-08-17},
 doi = {10.48550/arXiv.1907.11073},
 addendum = {\mbox{arXiv:1907.11073v2} \mbox{[cs.SE]} \mbox{26~Jul~2019}}
}

@book{BHK2006CNFCMEARFCS,
 author = a_baumgartner_gary # and # a_heap_danny # and # a_krueger_richard,
 title = {Course Notes for {CSC165H}:~Mathematical Expression and Reasoning for Computer Science},
 date = {2006-23},
 publisher = p_university_of_toronto_cs,
 address = pa_university_of_toronto_cs,
 url = {https://www.cs.toronto.edu/~krueger/csc165h/f06},
 urldate = {2024-07-27}
}

@inbook{BHK2006NS,
 title = {Numerical Systems},
 chapter = {7},
 crossref = {BHK2006CNFCMEARFCS},
 url = {https://www.cs.toronto.edu/~krueger/csc165h/f06/lectures/ch7.pdf},
 urldate = {2024-07-27}
}

@book{BN2018BC,
 author = a_brash_ron # and # a_naik_ganesh,
 title = {\bash\ Cookbook},
 date = {2018-07},
 publisher = p_packt,
 address = pa_packt,
 isbn = {9781788629362},
}

@book{BPSMM2008EMLX1FE,
 editor = a_bray_tim # and # a_paoli_jean # and # a_sperberg_mcqueen_c_m # and # a_maler_eve,
 title = {Extensible Markup Language~(\pgls{xml})~1.0~(Fifth Edition)},
 xdata = {ser_w3cr},
 date = {2008-11-26/2013-02-07},
 url = {http://www.w3.org/TR/2008/REC-xml-20081126},
 urldate = {2024-12-15},
}

@article{C2002LFLHADWTDM,
 title = {Learning from Liu Hui? A Different Way to Do Mathematics},
 author = a_cullen_christopher,
 xdata = {j_notams},
 volume = {49},
 number = {7},
 pages = {783--790},
 date = {2002-08},
 url = {https://www.ams.org/notices/200207/comm-cullen.pdf},
 urldate = {2024-08-09},
}

@book{C2024GA,
 author = a_chapman_eric,
 title = {\github~Actions},
 date = {2024-03},
 publisher = p_packt,
 address = pa_packt,
 isbn = {9781805128625}
}

@book{C2025SD,
 title = {Snap Documentation},
 date = {2025},
 publisher = p_canonical,
 address = pa_canonical,
 url = {https://snapcraft.io/docs},
 urldate = {2025-01-01},
}

@inproceedings{CB2022FBDOTFF,
 author = a_chabini_noureddine # and # a_beguenane_rachid,
 title = {{FPGA}\nobreakdashes-Based Designs of the Factorial Function},
 crossref = {PROC2022CCECE},
 pages = {16--20},
 doi = {10.1109/CCECE49351.2022.9918302},
}

@article{CBST2024LOHPPTDDSAMLA,
 author = a_castro_oscar # and # a_bruneau_pierrix # and # a_sottet_jean_sebastien # and # a_torregrossa_dario,
 title = {Landscape of High\nobreakdashes-Performance \python\ to Develop Data Science and Machine Learning Applications},
 xdata = {j_acs},
 volume = {56},
 number = {3},
 pages = {65:1--65:30},
 date = {2024},
 doi = {10.1145/3617588},
}

@incollection{CDE2024PMOPIE,
 title = {programming:~Meaning of \emph{programming} in English},
 booktitle = {Cambridge Dictionary English~({UK})},
 publisher = p_cambridge_uni_press_ass,
 address = pa_cambridge_uni_press_ass,
 date = {2024-06},
 url = {https://dictionary.cambridge.org/dictionary/english/programming},
 urldate = {2024-06-17}
}

@book{CEOEB2024GR,
 author = a_carlson_stephan_c # and # a_editors_of_encyclopaedia_britannica,
 title = {Golden Ratio},
 date = {2024-10-21},
 crossref = {EB2024EC},
 url = {https://www.britannica.com/science/golden-ratio},
 urldate = {2024-12-14},
}

@book{CH2013XFCAMLTMC,
 author = a_cole_timothy_w # and # a_han_myung_ja_k,
 title = {\pgls{xml} for Catalogers and Metadata Librarians~(Third Millennium Cataloging)},
 edition = {1},
 isbn = {9781598845198},
 date = {2013-05-23},
 publisher = p_libraries_unlimited,
 address = pa_libraries_unlimited,
}

@book{CLRS2009ITA,
 author = a_cormen_thomas_h # and # a_leiserson_charles_e # and # a_rivest_ronald_linn # and # a_stein_clifford,
 title = {Introduction to Algorithms},
 edition = {3},
 publisher = p_mit_press,
 address = pa_mit_press,
 date = {2009},
 isbn = {978-0-262-03384-8}
}

@book{CN2020ULB,
 author = a_clinton_david # and # a_negus_christopher,
 title = {\ubuntu\ \linux\ Bible},
 edition = {10},
 date = {2020-11-10},
 isbn = {978-1119722335},
 xdata = {ser_bs},
}

@book{CP2005PNACP,
 author = a_crandall_richard # and # a_pomerance_carl,
 title = {Prime Numbers:~{A} Computational Perspective},
 edition = {2},
 publisher = p_springer_new_york,
 address = pa_springer_new_york,
 date = {2005-08-04},
 isbn = {978-0-387-25282-7},
 doi = {10.1007/0-387-28979-8},
}

@article{D1991TEHOTFF,
 author = a_dutka_jacques,
 title = {The Early History of the Factorial Function},
 xdata = {j_afhoes},
 date = {1991-09},
 volume = {43},
 number = {3},
 pages = {225--249},
 doi = {10.1007/BF00389433},
 addendum = {Communicated by~} # a_bottazzini_umberto
}

@book{D2024MCFABAFITTCPL,
 author = a_dimitrovic_slobodan,
 title = {Modern~\Pgls{C} for Absolute Beginners:~{A} Friendly Introduction to the \Pgls{C}~Programming Language},
 date = {2024-03},
 publisher = p_apress,
 address = pa_apress,
 isbn = {9798868802249},
}

@article{D2010AALHOCAS,
 author = a_dauben_joseph_w,
 title = {Archimedes and Liu Hui on Circles and Spheres},
 xdata = {j_oscdo},
 volume = {10},
 pages = {21--38},
 date = {2010},
 url = {https://ddd.uab.cat/pub/ontstu/15762270n10/15762270n10p21.pdf},
 urldate = {2024-08-10},
}

@book{DBvR2024ITN,
 author = a_dennison_justing # and # a_bose_cherokee # and # a_van_rysdam,
 title = {Intro to \numpy},
 publisher = p_packt,
 address = pa_packt,
 series = pa_aci_learning # {:~} # p_aci_learning,
 date = {2024-06},
 isbn = {9781836208631},
}

@book{DDGLMSWFJJ2011SVGSSE,
 editor = a_dahlstrom_erik # and # a_dengler_patrick # and # a_grasso_anthony # and # a_lilley_chris # and # a_mccormack_cameron # and # a_schepers_doug # and # a_watt_jonathan # and # a_ferraiolo_jon # and # a_jun_fujisawa # and # a_jackson_dean,
 xdata = {ser_w3cr},
 title = {Scalable Vector Graphics~{(SVG)~1.1} (Second Edition)},
 date = {2011-08-16},
 url = {http://www.w3.org/TR/2011/REC-SVG11-20110816},
 urldate = {2024-12-17},
}

@book{DF2024LTDF,
 title = {\textbf{Libre}Office -- The Document Foundation},
 publisher = p_document_foundation,
 address = pa_document_foundation,
 date = {2024},
 url = {https://www.libreoffice.org},
 urldate = {2024-12-12}
}

@book{DG2020TIP,
 author = a_deza_alfredo # and # a_gift_noah,
 title = {Testing In \python},
 date = {2020-02},
 publisher = p_pragmatic_ai_labs,
 address = pa_pragmatic_ai_labs,
 isbn = {9798616960641},
}

@article{DR2019STFAWAUMW,
 author = a_doozandeh_pooyan # and # a_ritter_frank_e,
 title = {Some Tips for Academic Writing and Using Microsoft~Word},
 xdata = {j_xrds},
 volume = {26},
 number = {1},
 pages = {10--11},
 date = {2019-23},
 doi = {10.1145/3351470},
}

@article{E1737DFCD,
 author = a_euler_leonhard,
 title = {De Fractionibus Continuis Dissertation},
 date = {1737/1744},
 xdata = {j_casp},
 volume = {9},
 pages = {98--137},
 url = {https://scholarlycommons.pacific.edu/cgi/viewcontent.cgi?article=1070},
 urldate = {2024-09-24},
 addendum = {See \cite{E1985AEOCF} for a translation.}
}

@article{E1985AEOCF,
 author = a_euler_leonhard,
 translator = a_wyman_myra_f # and # a_wyman_bostwick_f,
 title = {An Essay on Continued Fractions},
 xdata = {j_mst},
 volume = {18},
 pages = {295--328},
 number = {1},
 date = {1985-12},
 doi = {10.1007/BF01699475},
 url = {https://www.researchgate.net/publication/301720080},
 urldate = {2024-09-24},
 addendum = {Translation of~\cite{E1737DFCD}.},
}

@techreport{E1999ELS,
 title = {{ECMAScript} Language Specification},
 xdata = {rep_ecma_standard},
 number = {ECMA\nobreakdashes-262, 3rd~Edition},
 date = {1999-12},
 url = {https://ecma-international.org/wp-content/uploads/ECMA-262_3rd_edition_december_1999.pdf},
 urldate = {2024-12-15},
}

@book{E2013AITNMAA,
 author = a_epperson_james_f,
 title = {An Introduction to Numerical Methods and Analysis},
 edition = {2},
 date = {2013-10},
 publisher = p_wiley_and_sons_ltd,
 isbn = {9781118367599},
}

@techreport{E2017SE4TJDIS,
 title = {The \pgls{json} Data Interchange Syntax},
 number = {ECMA\nobreakdashes-404, 2nd~Edition},
 xdata = {rep_ecma_standard},
 date = {2017-12},
 url = {https://ecma-international.org/publications-and-standards/standards/ecma-404},
 urldate = {2024-12-15},
}

@collection{EB2024EC,
 title = {Encyclopaedia Britannica},
 editor = a_editors_of_encyclopaedia_britannica,
 publisher = p_encyclopaedia_britannica_inc,
 address = pa_encyclopaedia_britannica_inc,
}

@book{EHF2008EEOGTGOJLH11FEEEELIEILHIATBG11EAPWMETBFR,
 title = {Euclid's Elements of Geometry~(\ensuremath{\Sigma\tau{o}\iota\chi\varepsilon{\tilde{\iota}}\alpha}). The Greek Text of J.L.~Heiberg~(1883-1885) from Euclidis Elementa, Edidit et Latine Interpretatus est I.L.~Heiberg in Aedibus } #  p_teubner_b_g # {i, 1883-1885. Edited, and provided with a modern English translation, by } # a_fitzpatrick_richard,
 author = a_euclid,
 translator = a_heiberg_johan_ludvig,
 editor = a_fitzpatrick_richard,
 edition = {revised and corrected},
 date = {2008},
 isbn = {978-0-6151-7984-1},
 publisher = p_university_of_texas_austin,
 address = pa_university_of_texas_austin,
 url = {https://farside.ph.utexas.edu/Books/Euclid/Elements.pdf},
 urldate = {2024-09-30},
}

@inbook{EHF2008ENT,
 crossref = {EHF2008EEOGTGOJLH11FEEEELIEILHIATBG11EAPWMETBFR},
 title = {Elementary Number Theory},
 chapter = {Book~7},
}

@incollection{EOEBSRGML2024LY,
 author = a_editors_of_encyclopaedia_britannica # and # a_setia_veenu # and # a_rodriguez_emily # and # a_gaur_aakanksha # and # a_matthias_meg # and # a_lotha_gloria,
 title = {Leap Year},
 crossref = {EB2024EC},
 date = {2024-08-20},
 url = {https://www.britannica.com/science/leap-year-calendar},
 urldate = {2024-08-29},
}

@book{F1996TGR1T2P,
 author = a_fee_greg,
 title = {The \glslink{goldenRatio}{Golden Ratio}:~(1+sqrt(5))/2 to 20000~Places},
 date = {1996-08-01},
 publisher = p_project_gutenberg,
 address = pa_project_gutenberg,
 url = {https://www.gutenberg.org/ebooks/633},
 urldate = {2024-12-14},
}

@inbook{F2011TTOEAP,
 author = a_filaseta_michael,
 booktitle = {Math~785:~{T}ranscendental Number Theory},
 title = {The Transcendence of~\numberE\ and~\numberPi},
 chapter = {6},
 date = {2011-21},
 publisher = p_university_of_south_carolina,
 address = pa_university_of_south_carolina,
 url = {https://people.math.sc.edu/filaseta/gradcourses/Math785/Math785Notes6.pdf},
 urldate = {2024-07-05},
}

@article{FR1998SRAIOBMY7IC,
 author = a_fowler_david # and # a_robson_eleanor,
 title = {Square Root Approximations in Old Babylonian Mathematics:~{YBC~7289} in Context},
 xdata = {j_hm},
 volume = {25},
 number = {4},
 date = {1998-11},
 pages = {366--378},
 doi = {10.1006/hmat.1998.2209},
 url = {https://www.ux1.eiu.edu/~cfcid/Classes/4900/Class%20Notes/Babylonian%20Approximations.pdf},
 urldate = {2024-09-25},
 addendum = {Article~NO.~{HM982209}}
}

@book{G2019DSFSFPWP,
 author = a_grus_joel,
 title = {Data Science from Scratch:~{F}irst Principles with \python},
 edition = {2},
 date = {2019-05},
 publisher = p_oreilly,
 address = pa_oreilly,
 isbn = {9781492041139},
}

@book{G2020PHTUTH,
 author = a_gold_adam,
 title = {\python\ Hash Tables Under the Hood},
 date = {2020-06-30},
 publisher = p_github,
 address = pa_github,
 url = {https://adamgold.github.io/posts/python-hash-tables-under-the-hood},
 urldate = {2024-12-09},
}

@book{G2023CAIP,
 author = a_grys_slawomir,
 title = {Computer Arithmetic in Practice},
 date = {2023-09},
 isbn = {9781000934922},
 publisher = p_crc_press,
 address = pa_crc_press
}

@book{G2024WIAA,
 author = a_goodwin_michael,
 title = {What is an API?},
 date = {2024-04-09},
 publisher = p_ibm,
 address = pa_ibm,
 url = {https://www.ibm.com/topics/api},
 urldate = {2024-12-12},
}

@techreport{GB180302022ITCCCS,
 title = {Information Technology -- Chinese Coded Character Set},
 xdata = {rep_nsotprocg},
 number = {\mbox{GB~18030-2022}},
 date = {2022-07-19/2023-08-01},
 institution = {State Administration for Market Regulation} # and # {Standardization Administration of the People's Republic of China},
 address = l_china_beijing,
 url = {https://openstd.samr.gov.cn/bzgk/gb/newGbInfo?hcno=A1931A578FE14957104988029B0833D3},
 urldate = {2024-07-26}
}

@techreport{GBT23121980PROCNSG21CCECSFIE,
 title = {Code of Chinese Graphic Character Set for Information Interchange -- Primary Set},
 xdata = {rep_nsotprocg},
 number = {\mbox{GB/T 2312-1980}},
 date = {1980/1981-05-01},
 institution = {National Standards Administration},
 url = {https://openstd.samr.gov.cn/bzgk/gb/newGbInfo?hcno=5664A728BD9D523DE3B99BC37AC7A2CC},
 urldate = {2024-07-26},
}

@inproceedings{GL2012LTSOOSSCBAFACSOL,
 author = a_gamalielsson_jonas # and # a_lundell_bjorn,
 title = {Long-Term Sustainability of Open Source Software Communities beyond a Fork:~{A}~Case Study of {LibreOffice}},
 crossref = {PROC2012OSS},
 volume = {378},
 pages = {29--47},
 doi = {10.1007/978-3-642-33442-9_3},
}

@inproceedings{GPBS2006WCTIPIHSUP,
 author = a_grendell_lina # and # a_peltomaeki_mia # and # a_back_ralph_johan # and # a_salakoski_tapio,
 title = {Why complicate things? Introducing Programming in High School using \python},
 crossref = {PROC2006ACE},
 pages = {71--80},
 doi = {10.5555/1151869.1151880}
}

@article{GRRX2001ACSOEHMFBDOOS,
 author = a_garcia_alessandro_f # and # a_rubira_cacilia_m_f # and # a_romanovsky_alexander_b # and # a_xu_jie,
 title = {A Comparative Study of Exception Handling Mechanisms for Building Dependable Object\nobreakdashes-Oriented Software},
 xdata = {j_josas},
 volume = {59},
 number = {2},
 pages = {197--222},
 date = {2001-11-15},
 doi = {10.1016/S0164-1212(01)00062-0},
}

@inbook{H1997IS7FPN,
 author = a_hollasch_steve,
 title = {{IEEE} Standard~754 Floating Point Numbers},
 booktitle = {{CSE401}:~{I}ntroduction to Compiler Construction},
 publisher = p_university_of_washington,
 address = pa_university_of_washington,
 date = {1997-01-08},
 url = {https://courses.cs.washington.edu/courses/cse401/01au/details/fp.html},
 urldate = {2024-07-05},
}

@book{H2005BFPSATFPPR,
 author = a_hettinger_raymond,
 title = {Binary Floating Point Summation Accurate to Full Precision~(\python\ Recipe)},
 date = {2005-03-28},
 url = {http://code.activestate.com/recipes/393090},
 urldate = {2024-11-19},
 publisher = p_active_state,
 address = pa_active_state
}

@article{H2007MA2GE,
 author = a_hunter_john_d,
 title = {\matplotlib:~{A} 2D~Graphics Environment},
 xdata = {j_cisae},
 volume = {9},
 number = {3},
 pages = {90--95},
 date = {2007-05/2007-06},
 doi = {10.1109/MCSE.2007.55},
}

@book{H2021D0XBPFPSM,
 author = a_helmes_christian,
 title = {\pythonilIdx{defusedxml}~0.7.1: \pgls{xml}~Bomb Protection for \python\ stdlib Modules},
 date = {2021-03-08},
 url = {https://pypi.org/project/defusedxml},
 urldate = {2024-12-15}
}

@book{H2022LML,
 author = a_hausenblas_michael,
 title = {Learning Modern \linux},
 date = {2022-04},
 publisher = p_oreilly,
 address = pa_oreilly,
 isbn = {9781098108946}
}

@book{H2023ABGTP3P,
 author = a_hunt_john,
 title = {A Beginners Guide to \python~3 Programming},
 edition = {2},
 xdata = {ser_utics},
 date = {2023},
 doi = {10.1007/978-3-031-35122-8},
 isbn = {978-3-031-35121-1},
}

@book{H2024EDMIP,
 author = a_hunner_trey,
 title = {Every Dunder\pythonIdx{dunder} Method in \python},
 date = {2024-03-19},
 publisher = p_python_morsels,
 address = pa_python_morsels,
 url = {https://www.pythonmorsels.com/every-dunder-method},
 urldate = {2024-12-18},
}

@book{H2024PBOTTCODDSIPP33,
 author = a_hunner_trey,
 title = {\python\ Big~\bigO:~{T}he Time Complexities of Different Data Structures in \python; \python~3.8\nobreakdashes-3.12},
 date = {2024-04-16},
 publisher = p_python_morsels,
 address = pa_python_morsels,
 url = {https://www.pythonmorsels.com/time-complexities},
 urldate = {2024-08-27},
}

@book{HBFLDNOP2014HAVAAAFHAX,
 editor = a_hickson_ian # and # a_berion_robin # and # a_faulkner_steve # and # a_leithead_travis # and # a_doyle_navara_erika # and # a_oconnor_theresa # and # a_pfeiffer_silvia,
 xdata = {ser_w3cr},
 title = {{HTML5}:~{A} Vocabulary and Associated {APIs} for {HTML} and {XHTML}},
 date = {2014-10-28},
 url = {http://www.w3.org/TR/2014/REC-html5-20141028},
 urldate = {2024-12-17},
}

@article{HMvdWGVCWTBSKPHvKBHFdRWPGMSRWAGO2020APWN,
 author = a_harris_charles_r # and # a_millman_jarrod_k # and # a_van_der_walt_stefan # and # a_gommers_ralf # and # a_virtanen_pauli # and # a_cornapeau_david # and # a_wieser_eric # and # a_taylor_julian # and # a_berg_sebastian # and # a_smith_nathaniel_j # and # a_kern_robert # and # a_picus_matti # and # a_hoyer_stephan # and # a_van_kerkwijk_marten_h # and # a_brett_matthew # and # a_haldane_allan # and # a_fernandez_del_rio_jaime # and # a_wiebe_mark # and # a_peterson_pearu # and # a_gerard_marchant_pierre # and # a_sheppart_kevin # and # a_reddy_tyler # and # a_weckesser_warren # and # a_abbasi_hameer # and # a_gohlke_christoph # and # a_oliphant_travis_e,
 title = {Array programming with \numpy},
 xdata = {j_n},
 volume = {585},
 pages = {357--362},
 date = {2020},
 doi = {10.1038/S41586-020-2649-2},
}

@techreport{IEEE2019ISFFPA,
 title = {{IEEE} Standard for Floating\nobreakdashes-Point Arithmetic},
 number = {754\texttrademark-2019 {(Revision of IEEE~Std 754\nobreakdashes-2008)}},
 xdata = {rep_ieee_standard},
 date = {2019-06-13},
 isbn = {978-1-5044-5925-9},
}

@techreport{ISOIEC106462020ITUCCSU,
 title = {Information Technology -- Universal Coded Character Set~(UCS)},
 number = {ISO/IEC~10646:2020},
 edition = {6},
 xdata = {rep_iso_iec_standard},
 date = {2020-12},
}

@techreport{ISOIEC98892017PLCWDOS,
 title = {Programming Languages -- \Pgls{C}, Working Document of~{SC22/WG14}},
 number = {{ISO/\linebreak{3}IEC9899:2017} {C17~Ballot} {N2176}},
 xdata = {rep_iso_iec_standard},
 date = {2017-11},
 url = {https://files.lhmouse.com/standards/ISO%20C%20N2176.pdf},
 urldate = {2024-06-29},
}

@techreport{J1978LACPC,
 author = a_johnson_stephen_curtis,
 title = {Lint, a \Pgls{C} Program Checker},
 date = {1978-10-25},
 xdata = {rep_blcstr},
 number = {78–1273},
 url = {https://wolfram.schneider.org/bsd/7thEdManVol2/lint/lint.pdf},
 urldate = {2024-08-23}
}

@book{J2018NPSCADSAWNSAM,
 author = a_johansson_robert,
 title = {Numerical \python:~{S}cientific Computing and Data Science Applications with \numpy, \scipy\ and \matplotlib},
 date = {2018-12},
 publisher = p_apress,
 address = pa_apress,
 isbn = {9781484242469}
}

@book{J2022PPEIAOSCD,
 author = a_james_mike,
 title = {Programmer's \python:~Everything is an Object~--~Something Completely Different},
 edition = {2},
 date = {2022-06-25},
 publisher = p_io_press,
}

@book{J2024PCPCE,
 author = pa_jetbrains # {:~} # p_jetbrains,
 title = {\glslink{pycharm}{pycharm}-community:~\pycharm~Community Edition},
 date = {2024-12-12},
 publisher = p_canonical,
 address = pa_canonical,
 url = {https://snapcraft.io/pycharm-community},
 urldate = {2025-01-01}
}

@book{J2024PTOGBSI8IS12E,
 title = {{POSIX.1-2024}:~{T}he {O}pen {G}roup Base Specifications Issue~8, {IEEE}~{Std}~1003.1\texttrademark-2024~Edition},
 publisher = pa_ieee # {:~} # p_ieee # and # pa_open_group # {:~} # p_open_group,
 editor = a_josey_andrew,
 date = {2024-08-08},
 url = {https://pubs.opengroup.org/onlinepubs/9799919799},
 urldate = {2024-10-30},
}

@inbook{J2024PTOGBSI8IS12EETAP,
 title = {\texttt{exit} -- Terminate a Process},
 crossref = {J2024PTOGBSI8IS12E},
 url = {https://pubs.opengroup.org/onlinepubs/9799919799/functions/exit.html},
 urldate = {2024-10-30},
}

@inbook{J2024PTOGBSI8IS12ESSSSIS,
 title = {\acrshort[hyper=true]{stderr}, \acrshort[hyper=true]{stdin}, \acrshort[hyper=true]{stdout} -- Standard {I/O} Streams},
 crossref = {J2024PTOGBSI8IS12E},
 url = {https://pubs.opengroup.org/onlinepubs/9799919799/functions/stdin.html},
 urldate = {2024-10-30},
}

@article{K1965PFRORTE,
 author = a_kahan_william,
 title = {Pracniques:~Further Remarks on Reducing Truncation Errors},
 xdata = {j_ca},
 volume = {8},
 number = {1},
 pages = {40},
 date = {1965-01},
 doi = {10.1145/363707.363723},
 url = {https://www.convexoptimization.com/TOOLS/Kahan.pdf},
 urldate = {2024-11-18},
}

@book{K1997FA,
 xdata = {ser_taocp},
 volume = {1},
 title = {Fundamental Algorithms},
 year = {1997},
 edition = {3},
 isbn = {0-201-89683-4},
}

@book{K1998SAS,
 xdata = {ser_taocp},
 volume = {3},
 title = {Sorting and Searching},
 year = {1998},
 isbn = {978-0-201-89685-5},
}

@article{K2006AGKBSA,
 author = a_klein_andreas,
 title = {A Generalized Kahan\nobreakdashes-Babu{\v{s}}ka\nobreakdashes-Summation\nobreakdashes-Algorithm},
 date = {2006-01},
 xdata = {j_c},
 volume = {76},
 number = {3-4},
 pages = {279--293},
 doi = {10.1007/s00607-005-0139-x},
 addendum = {Based on~\cite{B1968NSIMA,K1965PFRORTE,N1974REVZSES}}
}

@inproceedings{K2009BMOCTSRJBOFTAOCC,
 author = a_kosheleva_olga,
 title = {Babylonian Method of Computing the Square Root:~{J}ustifications based on Fuzzy Techniques and on Computational Complexity},
 crossref = {PROC2009NAFIPS},
 doi = {10.1109/NAFIPS.2009.5156463},
 url = {https://www.cs.utep.edu/vladik/2009/olg09-05a.pdf},
 urldate = {2024-09-25},
}

@book{K2018EIPFEUU,
 author = a_klein_bernd,
 title = {Einf{\"u}hrung in \python~3 -- F{\"u}r Ein- und Umsteiger},
 edition = {3., {\"u}berarbeitete},
 date = {2018},
 publisher = p_hanser_verlag,
 address = pa_hanser_verlag,
 isbn = {978-3-446-45208-4},
 doi = {10.3139/9783446453876},
}

@book{K2019ITXJY,
 author = a_kodes_katie,
 title = {Intro to~\pgls{xml}, \pgls{json}, \&~YAML},
 date = {2019/2020-09-04},
 publisher = p_payhip,
 address = pa_payhip
}

@book{K2024REH,
 author = a_kuchling_andrew_m,
 title = {\glslink{regexp}{Regular Expression} {HOWTO}},
 xdata = {PSF2024PH},
 url = {https://docs.python.org/3/howto/regex.html},
 urldate = {2024-11-01},
}

@article{KCVM2022AESOTRDIPP,
 author = a_khan_faizan # and # a_chen_boqi # and # a_varro_daniel # and # a_mcintosh_shane,
 title = {An Empirical Study of Type\nobreakdashes-Related Defects in \python\ Projects},
 xdata = {j_itose},
 volume = {48},
 number = {8},
 pages = {3145--3158},
 date = {2022-08-01},
 doi = {10.1109/TSE.2021.3082068},
 url = {https://www.researchgate.net/publication/351729684},
 urldate = {2024-08-16}
}

@inbook{KPDT2024HTRD,
 title = {How to Run \pglspl{doctest}},
 chapter = {2.8},
 crossref = {KPDT2024PD},
 pages = {65--69},
 url = {https://docs.pytest.org/en/stable/how-to/doctest.html},
 urldate = {2024-11-07},
}

@book{KPDT2024PD,
 author = a_krekel_holger # and # a_pytest_dev_team,
 title = {\pgls{pytest} Documentation},
 edition = {Release~8.4},
 publisher = p_merlinux,
 address = pa_merlinux,
 url = {https://readthedocs.org/projects/pytest/downloads/pdf/latest},
 urldate = {2024-11-07},
}

@book{L1909HDLVDVDP,
 author = a_landau_edmund,
 title = {{Handbuch der Lehre von der Verteilung der Primzahlen}},
 publisher = p_teubner_b_g,
 address = pa_teubner_b_g,
 date = {1909},
 isbn = {0821826506}
}

@book{L2023TDDBTADMLMWT,
 author = a_landau_charles,
 title = {\tensorflow\ Deep Dive:~{B}uild, Train, and Deploy Machine Learning Models with \tensorflow},
 date = {2023-12},
 publisher = p_oreilly,
 address = pa_oreilly
}

@book{L2024PW,
 author = a_lerner_reuven_m,
 title = {\pandas\ Workout},
 date = {2024-06},
 publisher = p_manning_publications,
 address = pa_manning_publications,
 isbn = {9781617299728}
}

@book{LH2015DSAAWP,
 author = a_lee_kent_d # and # a_hubbard_steve,
 title = {Data Structures and Algorithms with \python},
 xdata = {ser_utics},
 date = {2015},
 doi = {10.1007/978-3-319-13072-9},
 isbn = {978-3-319-13071-2},
}

@book{LLHSVRZSJYYMC2024MOSTFP,
 author = a_lehtosalo_jukka # and # a_levkivskyi_ivan # and # a_hance_jared # and # a_smith_ethan # and # a_van_rossum_guido # and # a_zijlstra_jelle # and # a_sullivan_michael_j # and # a_jain_shantanu # and # a_yang_xuanda # and # a_ye_jingchen # and # a_sobolev_nikita # and # a_mypy_contributors,
 title = {\mypy\ -- Static Typing for \python},
 date = {2024},
 publisher = p_github,
 address = pa_github,
 url = {https://github.com/python/mypy},
 urldate = {2024-08-17},
}

@book{LM2024WTMD,
 author = a_lehtosalo_jukka # and # a_mypy_contributors,
 title = {Welcome to \mypy\ Documentation!~(\mypy~1.13.0 documentation)},
 publisher = p_readthedocs_inc,
 address = pa_readthedocs_inc,
 date = {2024-10-22},
 url = {https://mypy.readthedocs.io},
 urldate = {2024-12-12},
}

@book{LNL2020LJ,
 author = a_loy_marc # and # a_niemeyer_patrick # and # a_leuck_daniel,
 title = {Learning \Pgls{Java}},
 edition = {5},
 date = {2020-03},
 publisher = p_oreilly,
 address = pa_oreilly,
 isbn = {9781492056270},
}

@article{LRBP2021AEHTPIOSL,
 author = a_lima_luan_p # and # a_rocha_linoln_s # and # a_bezerra_carla_i_m # and # a_paixao_matheus,
 title = {Assessing Exception Handling Testing Practices in Open\nobreakdashes-Source Libraries},
 xdata = {j_ese},
 volume = {26},
 number = {5:85},
 doi = {10.1007/s10664-021-09983-3},
 date = {2021-06/2021-09},
 url = {https://arxiv.org/abs/2105.00500},
 urldate = {2024-10-29},
 addendum = {See also \mbox{arXiv:2105.00500v1} \mbox{[cs.SE]} \mbox{2~May~2021}},
}

@book{M2017WAFSIPAHCIUT,
 author = a_maxwell_aaron,
 title = {What are \pglspl{fstring} in \python\ and how can I use them?},
 publisher = p_infinite_skills,
 address = pa_infinite_skills,
 date = {2017-06},
 isbn = {9781491994863}
}

@book{M2022RAEFPLACFWIR,
 author = a_marsh_charlie,
 title = {\ruff:~{A}n Extremely Fast \python\ \Pgls{linter} and Code Formatter, Written in Rust},
 date = {2022-08-28},
 publisher = p_astral,
 address = pa_astral,
 url = {https://docs.astral.sh/ruff},
 urldate = {2024-08-23}
}

@book{M2024POIC,
 author = a_hammoud_mohammad,
 title = {\mbox{15-122}:~Principles of Imperative Computation},
 date = {2024-21},
 publisher = p_carnegie_mellon_university_qatar,
 address = pa_carnegie_mellon_university_qatar,
 url = {https://web2.qatar.cmu.edu/~mhhammou/15122-s24/},
 urldate = {2024-09-26},
}

@inbook{H2024POICBS,
 title = {Binary Search},
 crossref = {M2024POIC},
 chapter = {Lecture~06},
 date = {2024-01-29},
 url = {https://web2.qatar.cmu.edu/~mhhammou/15122-s24/lectures/06-binsearch/slides},
 urldate = {2024-09-26},
}

@book{L2011PDI,
 author = a_luce_laurent,
 title = {\python\ Dictionary Implementation},
 date = {2011-08-29/2020-05-30},
 url = {https://www.laurentluce.com/posts/python-dictionary-implementation},
 urldate = {2024-12-09},
 address = l_usa_belmont,
}

@book{L2015ANKOFF,
 author = a_luschny_peter,
 title = {A New Kind of Factorial Function},
 date = {2015-10-04},
 publisher = p_oeis_foundation,
 address = pa_oeis_foundation,
 url = {https://oeis.org/A000142/a000142.pdf},
 urldate = {2024-09-29},
}

@book{M2023SF,
 author = a_mdn_contributors,
 title = {\Pgls{signature} (Functions)},
 publisher = p_mozilla_corporation,
 address = pa_mozilla_corporation,
 date = {2023-06-08},
 url = {https://developer.mozilla.org/en-US/docs/Glossary/Signature/Function},
 urldate = {2024-12-12},
}

@book{MAGTOC2024EHFAP,
 author = a_mejia_alvarez_pedro # and # a_gonzalez_torres_raul_e # and # a_ortega_cisneros_susana,
 title = {Exception Handling -- Fundamentals and Programming},
 xdata = {ser_sbics},
 doi = {10.1007/978-3-031-50681-9},
 isbn = {978-3-031-50680-2},
 date = {2024-02},
}

@article{MBBZ2021TWAGDTDLOSD,
 author = a_meyer_andre_n # and # a_barr_earl_t # and # a_bird_christian # and # a_zimmermann_thomas,
 title = {Today Was a Good Day:~The Daily Life of Software Developers},
 xdata = {j_ijose},
 volume = {47},
 number = {5},
 pages = {863--880},
 date = {2021-05},
 doi = {10.1109/TSE.2019.2904957},
 url = {https://www.microsoft.com/en-us/research/uploads/prod/2019/04/devtime-preprint-TSE19.pdf},
 urldate = {2024-12-31},
}

@book{MS2024MW,
 title = {Microsoft Word},
 date = {2024},
 url = {https://www.microsoft.com/en-us/microsoft-365/word},
 urldate = {2024-12-12},
 publisher = p_microsoft,
 address = pa_microsoft
}

@article{N1939TTOP,
 author = a_niven_ivan,
 title = {The Transcendence of~\numberPi},
 xdata = {j_tamm},
 volume = {46},
 number = {8},
 date = {1939-10},
 pages = {469--471},
 doi = {10.2307/2302515}
}

@article{N1974REVZSES,
 author = a_neumaier_arnold,
 title = {{Rundungsfehleranalyse einiger Verfahren zur Summation endlicher Summen}},
 xdata = {j_zamm},
 volume = {54},
 number = {1},
 date = {1974},
 pages = {39-51},
 doi = {10.1002/zamm.19740540106},
 url = {https://arnold-neumaier.at/scan/01.pdf},
 urldate = {2024-11-18}
}

@book{N2018RQSRUAURE,
 author = a_nagy_zsolt,
 title = {\glslink{regex}{Regex} Quick Syntax Reference: {U}nderstanding and Using \glslink{regexp}{Regular Expressions}},
 date = {2018-08},
 publisher = p_apress,
 address = pa_apress,
 isbn = {9781484238769},
}

@book{N2019AITRE,
 author = a_nield_thomas,
 title = {An Introduction to \glslink{regexp}{Regular Expressions}},
 date = {2019-06},
 publisher = p_oreilly,
 address = pa_oreilly,
 isbn = {9781492082552}
}

@book{N2022CCSFPO,
 author = {nishkarsh146},
 title = {Complexity Cheat Sheet for \python\ Operations},
 date = {2022-08-17},
 publisher = p_geeksforgeeks,
 address = pa_geeksforgeeks,
 url = {https://www.geeksforgeeks.org/complexity-cheat-sheet-for-python-operations},
 urldate = {2024-08-27},
}

@book{NB1997TSROTT1MD,
 author = a_nemiroff_robert # and # a_bonnell_jerry,
 title = {The Square Root of Two to 1~Million Digits},
 date = {1997-04-02},
 publisher = p_nasa_asd,
 address = pa_nasa_asd,
 url = {https://apod.nasa.gov/htmltest/gifcity/sqrt2.1mil},
 urldate = {2024-12-14},
}

@book{NR2005LTBSUSPCB3,
 author = a_newham_cameron # and # a_rosenblatt_bill,
 title = {Learning the \bash\ Shell -- Unix Shell Programming:~{C}overs \bash~3.0},
 edition = {3},
 publisher = p_oreilly,
 address = pa_oreilly,
 date = {2005},
 isbn = {978-0-596-00965-6},
}

@book{O2022PTWP,
 author = a_okken_brian,
 title = {\python\ Testing with \pytest},
 date = {2022-02},
 publisher = p_pragmatic_bookshelf,
 address = pa_pragmatic_bookshelf,
 isbn = {9781680508604},
}

@inbook{O2024CD,
 title = {Class Double},
 crossref = {O2024JPSEJDKV2AS},
 url = {https://docs.oracle.com/en/java/javase/22/docs/api/java.base/java/lang/Double.html},
 urldate = {2024-07-07},
}

@book{O2024JPSEJDKV2AS,
 title = {\Pgls{Java}\textsuperscript{\textregistered} Platform, Standard Edition \& \Pgls{Java} Development Kit Version~22 {API} Specification},
 publisher = p_oracle,
 address = pa_oracle,
 date = {2024-04-09},
 url = {https://docs.oracle.com/en/java/javase/22/docs/api},
 urldate = {2024-07-07},
}

@book{OR2003LH,
 author = a_oconnor_john_j # and # a_robertson_edmund_f,
 title = {Liu Hui},
 publisher = p_university_of_st_andrews_somas,
 address = pa_university_of_st_andrews_somas,
 date = {2003-12},
 url = {https://mathshistory.st-andrews.ac.uk/Biographies/Liu_Hui},
 urldate = {2024-08-10}
}

@incollection{P2002AI,
 author = a_peters_tim,
 title = {Algorithms -- Introduction},
 crossref = {A2002PC},
 chapter = {17},
 url = {https://www.oreilly.com/library/view/python-cookbook/0596001673/ch17.html},
 urldate = {2024-11-07},
}

@book{P2021HOMLPAVWP,
 author = a_pajankar_ashwin,
 title = {Hands\nobreakdashes-on \matplotlib:~{L}earn Plotting and Visualizations with \python~3},
 date = {2021-11},
 publisher = p_apress,
 address = pa_apress,
 isbn = {9781484274101}
}

@book{P2021PUTAAOAEUTIP,
 author = a_pajankar_ashwin,
 title = {\python\ Unit Test Automation:~{A}utomate, Organize, and Execute Unit Tests in \python},
 date = {2021-12},
 publisher = p_apress,
 address = pa_apress,
 isbn = {9781484278543},
}

@book{PC2024PL,
 author = a_pylint_contributors,
 title = {\pylint},
 date = {2003/2024},
 publisher = p_logilab,
 address = pa_logilab,
 url = {https://pylint.readthedocs.io/en/stable},
 urldate = {2024-09-24}
}

@book{PD2024PD,
 title = {\pip\ Documentation~v24.3.1},
 author = a_pip_developers,
 date = {2024-10-27},
 publisher = p_python_software_foundation,
 address = pa_python_software_foundation,
 url = {https://pip.pypa.io},
 urldate = {2024-12-25},
}

@inbook{PD2024RFF,
 title = {Requirements File Format},
 crossref = {PD2024PD},
 url = {https://pip.pypa.io/en/stable/reference/requirements-file-format},
 urldate = {2024-12-25},
}

@techreport{PEP8,
 title = {Style Guide for \python\ Code},
 author = a_van_rossum_guido # and # a_warsaw_barry # and # a_coghlan_alyssa,
 xdata = {rep_pep},
 number = {8},
 date = {2001-07-05},
 url = {https://peps.python.org/pep-0008},
 urldate = {2024-07-27}
}

@techreport{PEP202,
 author = a_warsaw_barry,
 title = {List\pythonIdx{list!comprehension}\pythonIdx{comprehension!list} Comprehensions},
 xdata = {rep_pep},
 number = {202},
 date = {2000-07-13},
 url = {https://peps.python.org/pep-0202},
 urldate = {2024-11-08}
}

@techreport{PEP207,
 author = a_van_rossum_guido # and # a_ascher_david,
 title = {Rich Comparisons},
 number = {207},
 date = {2000-07-25},
 xdata = {rep_pep},
 url = {https://peps.python.org/pep-0207},
 urldate = {2024-12-08},
}

@techreport{PEP234,
 author = a_yee_ka_ping # and # a_van_rossum_guido,
 title = {\pythonilsIdx{Iterator}},
 xdata = {rep_pep},
 number = {234},
 date = {2001-05-18},
 url = {https://peps.python.org/pep-0234},
 urldate = {2001-01-30}
}

@techreport{PEP255,
 author = a_schemenauer_neil # and # a_peters_tim # and # a_hetland_magnus_lie,
 title = {Simple \pythonilsIdx{Generator}},
 xdata = {rep_pep},
 number = {255},
 date = {2001-05-18},
 url = {https://peps.python.org/pep-0255},
 urldate = {2024-11-08}
}

@techreport{PEP257,
 title = {\Pgls{docstring} Conventions},
 author = a_goodger_david # and # a_van_rossum_guido,
 number = {257},
 xdata = {rep_pep},
 date = {2001-05-29/2001-06-13},
 url = {https://peps.python.org/pep-0257},
 urldate = {2024-07-27},
}

@techreport{PEP274,
 author = a_warsaw_barry,
 title = {Dict Comprehensions\pythonIdx{dict!comprehension}\pythonIdx{comprehension!dict}},
 xdata = {rep_pep},
 number = {274},
 date = {2001-10-25},
 url = {https://peps.python.org/pep-0274},
 urldate = {2024-11-08}
}

@techreport{PEP287,
 author = a_goodwin_michael,
 title = {reStructuredText Docstring Format},
 date = {2002-03-25/2002-04-02},
 number = {PEP287},
 url = {https://peps.python.org/pep-0287},
 urldate = {2024-12-12},
}

@techreport{PEP289,
 author = a_hettinger_raymond,
 title = {\pythonilIdx{Generator} Expressions},
 xdata = {rep_pep},
 number = {274},
 date = {2002-01-30},
 url = {https://peps.python.org/pep-0289},
 urldate = {2024-11-08}
}

@techreport{PEP343,
 author = a_van_rossum_guido # and # a_coghlan_alyssa,
 title = {The \inQuotes{\pythonilIdx{with}} Statement},
 xdata = {rep_pep},
 number = {343},
 date = {2005-05-13/2006-07-30},
 url = {https://peps.python.org/pep-0343},
 urldate = {2024-12-15},
}

@techreport{PEP362,
 author = a_cannon_brett # and # a_seo_jiwon # and # a_selivanov_yury # and # a_hastings_larry,
 title = {Function \Pgls{signature}\pythonIdx{signature} Object},
 date = {2006-08-21/2012-06-04},
 xdata = {rep_pep},
 number = {362},
 url = {https://peps.python.org/pep-0362},
 urldate = {2024-12-12},
}

@techreport{PEP405,
 author = a_meyer_carl,
 title = {\python\ \glslink{virtualEnvironment}{Virtual Environments}},
 number = {405},
 xdata = {rep_pep},
 date = {2011-06-13/2012-05-24},
 url = {https://peps.python.org/pep-0405},
 urldate = {2024-12-25},
}

@techreport{PEP482,
 author = a_langa_lukasz,
 title = {Literature Overview for \glslink{typeHint}{Type Hints}},
 number = {482},
 xdata = {rep_pep},
 date = {2015-01-08},
 url = {https://peps.python.org/pep-0482},
 urldate = {2024-10-09},
}

@techreport{PEP484,
 title = {\glslink{typeHint}{Type Hints}},
 author = a_van_rossum_guido # and # a_langa_lukasz,
 number = {484},
 xdata = {rep_pep},
 date = {2014-09-29},
 url = {https://peps.python.org/pep-0484},
 urldate = {2024-08-22},
}

@techreport{PEP498,
 author = a_smith_eric_v,
 title = {Literal String Interpolation},
 xdata = {rep_pep},
 number = {498},
 date = {2016-11-06/2023-09-09},
 url = {https://peps.python.org/pep-0498},
 urldate = {2024-07-25},
}

@techreport{PEP515,
 author = a_brandl_georg # and # a_storchaka_serhiy,
 title = {Underscores in Numeric Literals},
 xdata = {rep_pep},
 number = {515},
 date = {2016-02-10},
 url = {https://peps.python.org/pep-0515},
 urldate = {2024-09-23},
}

@techreport{PEP585,
 author = a_langa_lukasz,
 title = {\glslink{typeHint}{Type Hinting} Generics In Standard Collections},
 xdata = {rep_pep},
 number = {585},
 date = {2019-03-03},
 url = {https://peps.python.org/pep-0585},
 urldate = {2024-10-09},
}

@techreport{PEP586,
 author = a_lee_michael # and # a_levkivskyi_ivan # and # a_lehtosalo_jukka,
 title = {\pythonilIdx{Literal} Types},
 xdata = {rep_pep},
 number = {586},
 date = {2019-03-14},
 url = {https://peps.python.org/pep-0586},
 urldate = {2024-12-17},
}

@techreport{PEP591,
 author = a_sullivan_michael_j # and # a_levkivskyi_ivan,
 title = {Adding a \pythonilIdx{Final} Qualifier to \pythonilIdx{typing}\pythonIdx{typing!Final}},
 xdata = {rep_pep},
 number = {591},
 date = {2019-03-15},
 url = {https://peps.python.org/pep-0591},
 urldate = {2024-11-19}
}

@techreport{PEP604,
 author = a_prados_philippe # and # a_moss_maggie,
 title = {Allow Writing Union Types as \pythonil{X | Y}\pythonIdx{\textbar}},
 xdata = {rep_pep},
 number = {604},
 date = {2019-08-28},
 url = {https://peps.python.org/pep-0604},
 urldate = {2024-10-09},
}

@techreport{PEP612,
 author = a_mendoza_mark,
 title = {Parameter Specification Variables},
 xdata = {rep_pep},
 number = {612},
 date = {2019-12-18/2020-07-13},
 url = {https://peps.python.org/pep-0612},
 urldate = {2024-10-09},
}

@techreport{PEP618,
 author = a_bucher_brand,
 title = {Add Optional Length\nobreakdashes-Checking To \pythonilIdx{zip}},
 xdata = {rep_pep},
 number = {618},
 date = {2020-05-01},
 url = {https://peps.python.org/pep-0618},
 urldate = {2024-11-09}
}

@techreport{PEP635,
 author = a_kohn_tobias # and # a_van_rossum_guido,
 title = {Structural Pattern Matching:~{M}otivation and Rationale},
 xdata = {rep_pep},
 number = {635},
 date = {2020-09-12/2021-02-08},
 url = {https://peps.python.org/pep-0635},
 urldate = {2024-09-23},
}

@techreport{PEP673,
 author = a_srinivasan_pradeep_kumar # and # a_hilton_balfe_james,
 number = {673},
 xdata = {rep_pep},
 title = {\pythonilIdx{Self}\pythonIdx{typing!Self} Type},
 date = {2021-11-10/2021-11-17},
 url = {https://peps.python.org/pep-0673},
 urldate = {2024-12-17},
}

@techreport{PEP754,
 author = a_warnes_gregory_r,
 title = {{IEEE~754} Floating Point Special Values~[Rejected]},
 number = {754},
 xdata = {rep_pep},
 date = {2003-03-28},
 url = {https://peps.python.org/pep-0754},
 urldate = {2024-12-08},
}

@techreport{PEP3107,
 author = a_winter_collin # and # a_lownds_tony,
 title = {Function Annotations},
 date = {2006-12-02},
 xdata = {rep_pep},
 url = {https://peps.python.org/pep-3107},
 urldate = {2024-12-12},
}

@techreport{PEP3140,
 authoer = a_broytman_oleg # and # a_jewet_jim_j,
 title = {\pythonil{str(container)}\pythonIdx{str} should call~\pythonil{str(item)}, not~\pythonil{repr(item)}\pythonIdx{repr}~[Rejected]},
 number = {3140},
 xdata = {rep_pep},
 date = {2008-05-27/2008-05-28},
 url = {https://peps.python.org/pep-3140},
 urldate = {2024-12-08},
}

@inproceedings{PGMLBCKLGADKYDRTCSFBC2019PAISHPDLL,
 author = a_paszke_adam # and # a_gross_sam # and # a_massa_francisco # and # a_lerer_adam # and # a_bradbury_james # and # a_chanan_gregory # and # a_killeen_trevor # and # a_lin_zeming # and # a_gimelshein_natalia # and # a_antiga_luca # and # a_desmaison_alban # and # a_klopf_andreas # and # a_yang_edward_z # and # a_devito_zachary # and # a_raison_martin # and # a_tejani_alykhan # and # a_chilamkurthy_sasank # and # a_steiner_benoit # and # a_fang_lu # and # a_bai_junjie # and # a_chintala_soumith,
 title = {\pytorch:~{A}n Imperative Style, High\nobreakdashes-Performance Deep Learning Library},
 crossref = {PROC2019NEURIPS},
 pages = {8024--8035},
 url = {https://proceedings.neurips.cc/paper/2019/hash/bdbca288fee7f92f2bfa9f7012727740-Abstract.html},
 urldate = {2024-07-18}
}

@inproceedings{PKBCBR2005GIGOAELAOMBEUP,
 author = a_phalgun_amit # and # a_kissinger_cory # and # a_burnett_magaret_m # and # a_cook_curtis_r # and # a_beckwith_laura # and # a_ruthruff_joseph_r,
 title = {Garbage in, Garbage out? {A}n Empirical Look at Oracle Mistakes by End\nobreakdashes-User Programmers},
 crossref = {PROC2005VLHCC},
 pages = {45--52},
 doi = {10.1109/VLHCC.2005.40},
}

@article{PRGWSUdVLFTEKPKFBV2016TSRFTAOGAG,
 author = a_perez_riverol_yasset # and # a_gatto_laurent # and # a_wang_rui # and # a_sachsenberg_timo # and # a_uszkoreit_julian # and # a_da_veiga_leprevost_felipe # and # a_fufezan_christian # and # a_ternent_tobias # and # a_eglen_stephen_j # and # a_katz_daniel_s # and # a_pollard_tom_j # and # a_konovalov_alexander # and # a_flight_robert_m # and # a_blin_kai # and # a_vizcaino_juan_antonio,
 title = {Ten Simple Rules for Taking Advantage of \git\ and \github},
 volume = {12},
 number = {7},
 date = {2016-07-14},
 doi = {10.1371/JOURNAL.PCBI.1004947},
 xdata = {j_pcb},
}

@proceedings{PROC1968IFIP1,
 title = {Proceedings of the World Congress on Information Processing~68~({IFIP~68}), } # aug # {~5-10, 1968, } # l_uk_edinburgh # {, organized by~} # pa_ifip # {:~} # p_ifip,
 editor = a_morrell_a_j_h,
 publisher = p_north_holland,
 address = pa_north_holland,
 isbn = {0720420326},
 date = {1969},
 volume = {{1:~Mathematics, Software}},
}

@proceedings{PROC2005VLHCC,
  title = {Proceedings of the 2005 {IEEE} Symposium on Visual Languages and Human\nobreakdashes-Centric Computing~{(VL/HCC~'05)}, } # sep # {~21-24, 2005, } # l_usa_dallas,
  editor = a_erwig_martin # and # a_schurr_andy,
  publisher = p_ieee_computer_society,
  address = pa_ieee_computer_society,
  isbn = {0-7695-2443-5},
  issn = {1943-6092},
  date = {2005},
}

@proceedings{PROC2006ACE,
 booktitle = {Proceedings of the 8th Australasian Conference on Computing Education~({ACE'06}), } # jan # {~16-19, 2006, } # l_australia_hobart,
 editor = a_tolhurst_denise # and # a_mann_samuel,
 isbn = {978-1-920682-34-7},
 date = {2006},
 volume = {52},
 publisher = p_acm,
 address = pa_acm,
}

@proceedings{PROC2009NAFIPS,
 title = {2009~Annual Meeting of the North American Fuzzy Information Processing Society~{(NAFIPS'09)}, } # jun # {~14-19, 2009, } # l_usa_cincinnati,
 publisher = p_ieee,
 address = pa_ieee,
 doi = {10.1109/NAFIPS15046.2009},
 date = {2009},
 isbn = {978-1-4244-4575-2},
}

@proceedings{PROC2012OSS,
 editor = a_hammouda_imed # and # a_lundell_bjorn # and # a_mikkonen_tommi # and # a_scacchi_walt,
 title= {Proceedings of the 8th {IFIP}~{WG}~2.13 International Conference on Open Source Systems: Long-Term Sustainability~{OSS'12}, } # sep # {~10-13, 2012, } # l_tunisia_hammamet,
 xdata = {ser_iaiiact},
 date = {2012},
 isbn = {978-3-642-33441-2},
 doi = {10.1007/978-3-642-33442-9}
}

@proceedings{PROC2016OSDI,
 title = {12th {USENIX} Symposium on Operating Systems Design and Implementation~({OSDI'16}), } # nov # {~2-4, 2016, } # l_usa_savannah,
 editor = a_keeton_kimberly # and # a_roscoe_timothy,
 xdata = {c_osdi},
 date = {2016},
 isbn = {978-1-931971-33-1},
}

@proceedings{PROC2018ESECFSE,
 title = {Proceedings of the 2018 {ACM} Joint Meeting on European Software Engineering Conference and Symposium on the Foundations of Software Engineering ({ESEC/SIGSOFT}~{FSE}'18), } # nov # {~4-9, 2018, } # l_usa_lake_buena_vista,
 editor = a_leavens_gary_t # and # a_garcia_alessandro_f # and # a_pasareanu_corina_s,
 publisher = p_acm,
 address = pa_acm,
 date = {2018},
 isbn = {978-1-4503-5573-5},
}

@proceedings{PROC2019NEURIPS,
 title = {Advances in Neural Information Processing Systems~32:~{A}nnual Conference on Neural Information Processing Systems 2019~({NeurIPS'19}), } # dec # {~8-14, 2019, } # l_canada_vancouver,
 editor = a_wallach_hanna_m # and # a_larochelle_hugo # and # a_beygelzimer_alina # and # a_d_alche_buc_florence # and # a_fox_emily_b # and # a_garnett_roman,
 date = {2019},
 url = {https://neurips.cc/Conferences/2019},
 urldate = {2024-07-18},
 publisher = p_neurips,
 address = pa_neurips,
 isbn = {9781713807933}
}

@proceedings{PROC2022ASE,
 title = {37th {IEEE/ACM} International Conference on Automated Software Engineering~{(ASE'22)}, } # oct # {~10-14, 2022, } # l_usa_rochester,
 publisher = p_acm,
 address = pa_acm,
 date = {2022},
 isbn = {978-1-4503-9475-8},
}

@proceedings{PROC2022CCECE,
 title = {{IEEE} Canadian Conference on Electrical and Computer Engineering~{(CCECE'22)}, } # sep # {~18--20, 2022, } # l_canada_halifax,
 publisher = p_ieee,
 address = pa_ieee,
 date = {2022},
 doi = {10.1109/CCECE49351.2022},
 isbn = {978-1-6654-8432-9},
}

@proceedings{PROC2023ECOOP,
 title = {37th European Conference on Object\nobreakdashes-Oriented Programming~{(ECOOP'23)}, } # jul # {~17-21, 2023, } # l_usa_seattle,
 editor = a_ali_karim # and # a_salvaneschi_guido,
 xdata = {ser_lipics},
 volume = {263},
 date = {2023},
 isbn = {978-3-95977-281-5},
}

@proceedings{PROC2023GECCO,
 xdata = {c_gecco},
 booktitle = {Companion Proceedings of the Conference on Genetic and Evolutionary Computation~{(GECCO'23)}, Companion Volume, } # jul # {~15-19, 2023, } # l_portugal_lisbon,
 editor = a_silva_sara # and # a_paquete_luis,
 isbn = {979-8-4007-0120-7},
 date = {2023},
}

@inbook{PSF2024ACO,
 title = {Annotating \pythonilIdx{Callable} Objects},
 xdata = {PSF2024TPSL},
 url = {https://docs.python.org/3/library/typing.html#annotating-callables},
 urldate = {2024-10-09},
}

@inbook{PSF2024BIC,
 title = {Built\nobreakdashes-in Constants},
 xdata = {PSF2024TPSL},
 url = {https://docs.python.org/3/library/constants.html},
 urldate = {2024-12-09},
}

@inbook{PSF2024BIE,
 title = {Built\nobreakdashes-in \pythonilsIdx{Exception}},
 xdata = {PSF2024TPSL},
 url = {https://docs.python.org/3/library/exceptions.html},
 urldate = {2024-10-29},
}

@inbook{PSF2024BIF,
 title = {Built\nobreakdashes-in Functions},
 xdata = {PSF2024TPSL},
 url = {https://docs.python.org/3/library/functions.html},
 urldate = {2024-12-09},
}

@inbook{PSF2024BIT,
 title = {Built\nobreakdashes-in Types},
 xdata = {PSF2024TPSL},
 url = {https://docs.python.org/3/library/stdtypes.html},
 urldate = {2024-08-22},
}

@inbook{PSF2024CAABCFC,
 title = {\pythonilIdx{collections.abc} -- Abstract Base Classes for Containers},
 xdata = {PSF2024TPSL},
 url = {https://docs.python.org/3/library/collections.abc.html},
 urldate = {2024-08-22},
}

@inbook{PSF2024CCFRAW,
 title = {\pythonilIdx{csv} -- \acrshort[hyper=true]{CSV} File Reading and Writing},
 xdata = {PSF2024TPSL},
 url = {https://docs.python.org/3/library/csv.html},
 urldate = {2024-11-14},
}

@inbook{PSF2024CUFWSC,
 title = {\pythonilIdx{contextlib} -- Utilities for \pythonilIdx{with}\nobreakdashes-Statement Contexts},
 xdata = {PSF2024TPSL},
 url = {https://docs.python.org/3/library/contextlib.html},
 urldate = {2024-11-01},
}

@inbook{PSF2024D,
 title = {Dictionaries\pythonIdx{dict}},
 chapter = {3.2.7.1},
 xdata = {PSF2024TPLR},
 url = {https://docs.python.org/3/reference/datamodel.html#dictionaries},
 urldate = {2024-08-27},
}

@inbook{PSF2024DM,
 title = {Data Model},
 chapter = {3},
 xdata = {PSF2024TPLR},
 url = {https://docs.python.org/3/reference/datamodel.html},
 urldate = {2024-08-22},
}

@inbook{PSF2024DTIPE,
 title = {\pgls{doctest} -- Test Interactive \python\ Examples},
 xdata = {PSF2024TPSL},
 url = {https://docs.python.org/3/library/doctest.html},
 urldate = {2024-11-07},
}

@inbook{PSF2024FPAIAL,
 title = {Floating\nobreakdashes-Point Arithmetic:~Issues and Limitations},
 chapter = {15},
 xdata = {PSF2024TPT},
 url = {https://docs.python.org/3/tutorial/floatingpoint.html},
 urldate = {2024-12-08},
}

@inbook{PSF2024FRN,
 title = {\pythonilIdx{fractions} -- \glslink{rationalNumbers}{Rational Numbers}},
 xdata = {PSF2024TPSL},
 url = {https://docs.python.org/3/library/fractions.html},
 urldate = {2024-12-12}
}

@inbook{PSF2024FSL,
 title = {Formatted String Literals},
 chapter = {7.1.1},
 xdata = {PSF2024TPT},
 url = {https://docs.python.org/3/tutorial/inputoutput.html#formatted-string-literals},
 urldate = {2024-07-25},
}

@inbook{PSF2024IFCIFEL,
 title = {\pythonilIdx{itertools} -- Functions Creating \pythonilsIdx{Iterator} for Efficient Looping},
 xdata = {PSF2024TPSL},
 url = {https://docs.python.org/3/library/itertools.html},
 urldate = {2024-11-09},
}

@inbook{PSF2024IPM,
 title = {Installing \python\ Modules},
 crossref = {PSF2024P3D},
 url = {https://docs.python.org/3/installing},
 urldate = {2024-08-17},
}

@inbook{PSF2024L,
 title = {Lambda\pythonIdx{lambda}},
 chapter = {6.14.},
 xdata = {PSF2024TPLR},
 url = {https://docs.python.org/3/reference/expressions.html#lambda},
 urldate = {2024-10-09},
}

@inbook{PSF2024NTIFC,
 title = {Numeric Types -- \pythonilIdx{int}, \pythonilIdx{float}, \pythonilIdx{complex}},
 xdata = {PSF2024TPSL},
 url = {https://docs.python.org/3/library/stdtypes.html#typesnumeric},
 urldate = {2024-07-05},
}

@book{PSF2024P3D,
 title = {\python~3 Documentation},
 date = {2001/2024},
 publisher = p_python_software_foundation,
 address = pa_python_software_foundation,
 url = {https://docs.python.org/3},
 urldate = {2024-07-05},
}

@inbook{PSF2024OH,
 title = {\pythonil{object.__hash__(self)}\pythonIdx{\_\_hash\_\_}},
 xdata = {PSF2024TPLR},
 url = {https://docs.python.org/3/reference/datamodel.html#object.__hash__},
 urldate = {2024-12-09},
}

@inbook{PSF2024OVAT,
 title = {Objects\pythonIdx{object}, Values and Types},
 chapter = {3.1},
 xdata = {PSF2024TPLR},
 url = {https://docs.python.org/3/reference/datamodel.html#objects-values-and-types},
 urldate = {2024-12-07}
}

@xdata{PSF2024PH,
 volume = {\python~{HOWTOs}},
 crossref = {PSF2024P3D}
}

@inbook{PSF2024PSAU,
 title = {\python\ Setup and Usage},
 crossref = {PSF2024P3D},
 url = {https://docs.python.org/3/using},
 urldate = {2024-07-05},
}

@inbook{PSF2024RREO,
 title = {\pythonilIdx{re} -- \glslink{regexp}{Regular Expression} Operations},
 xdata = {PSF2024TPSL},
 url = {https://docs.python.org/3/library/re.html#module-re},
 urldate = {2024-11-01},
}

@inbook{PSF2024S,
 title = {Sequences},
 xdata = {PSF2024TPLR},
 chapter = {3.2.5},
 url = {https://docs.python.org/3/reference/datamodel.html#sequences},
 urldate = {2024-08-24},
}

@inbook{PSF2024ST,
 title = {Set\pythonIdx{set} Types},
 chapter = {3.2.6},
 xdata = {PSF2024TPLR},
 url = {https://docs.python.org/3/reference/datamodel.html#set-types},
 urldate = {2024-08-27},
}

@inbook{PSF2024STSF,
 title = {Set Types -- \pythonilIdx{set}, \pythonilIdx{frozenset}},
 xdata = {PSF2024TPSL},
 url = {https://docs.python.org/3/library/stdtypes.html#set},
 urldate = {2024-08-27},
}

@inbook{PSF2024TIS,
 title = {The Import\pythonIdx{import} System},
 chapter = {5},
 xdata = {PSF2024TPLR},
 url = {https://docs.python.org/3/reference/import.html},
 urldate = {2024-10-01}
}

@inbook{PSF2024TMETOSCS,
 title = {\pythonilIdx{timeit} -- Measure Execution Time of Small Code Snippets},
 xdata = {PSF2024TPSL},
 url = {https://docs.python.org/3/library/timeit.html},
 urldate = {2024-11-07},
}

@xdata{PSF2024TPLR,
 volume = {The \python\ Language Reference},
 crossref = {PSF2024P3D}
}

@xdata{PSF2024TPSL,
 volume = {The \python\ Standard Library},
 crossref = {PSF2024P3D}
}

@book{PSF2024TPPIP,
 title = {The \python\ Package Index~(\pypi)},
 url = {https://pypi.org/},
 urldate = {2024-08-17},
 date = {2024},
 publisher = p_python_software_foundation,
 address = pa_python_software_foundation,
}

@xdata{PSF2024TPT,
 volume = {The \python\ Tutorial},
 crossref = {PSF2024P3D}
}

@inbook{PSF2024TSTS,
 title = {Text Sequence Type -- \pythonilIdx{str}},
 xdata = {PSF2024TPSL},
 url = {https://docs.python.org/3/library/stdtypes.html#textseq},
 urldate = {2024-07-25},
}

@inbook{PSF2024TWS,
 title = {The \pythonilIdx{with} Statement},
 chapter = {8.5},
 xdata = {PSF2024TPLR},
 url = {https://docs.python.org/3/reference/compound_stmts.html#with},
 urldate = {2024-12-15},
}

@inbook{PSF2024VCOVE,
 title = {\pythonilIdx{venv} -- Creation of \glslink{virtualEnvironment}{Virtual Environments}},
 xdata = {PSF2024TPSL},
 url = {https://docs.python.org/3/library/venv.html},
 urldate = {2024-12-25},
}

@inbook{PSF2024VEAP,
 title = {Virtual Environments and Packages},
 chapter = {12},
 xdata = {PSF2024TPT},
 url = {https://docs.python.org/3/tutorial/venv.html},
 urldate = {2024-12-24},
}

@xdata{PSF2024WNIP,
 volume = {What's New in \python},
 crossref = {PSF2024P3D}
}

@inbook{PSF2024WNIP38FSFSDEAD,
 title = {What's New In \python~3.8: \pglspl{fstring} Support \pythonil{=} for Self\nobreakdashes-Documenting Expressions and Debugging},
 author = a_hettinger_raymond,
 xdata = {PSF2024WNIP},
 url = {https://docs.python.org/3/whatsnew/3.8.html#bpo-36817-whatsnew},
 urldate = {2024-12-01}
}

@inbook{PSF2024WSCM,
 title = {With\pythonIdx{with} Statement Context Managers},
 chapter = {3.3.9.},
 xdata = {PSF2024TPLR},
 url = {https://docs.python.org/3/reference/datamodel.html#with-statement-context-managers},
 urldate = {2024-12-15},
}

@inbook{PTVF2007EAAS,
 title = {1.1~Error, Accuracy, and Stability},
 chapter = {1~Preliminaries},
 pages = {8--12},
 crossref = {PTVF2007NRTAOSC}
}

@book{PTVF2007NRTAOSC,
 author = a_press_william_h # and # a_teukolsky_saul_a # and # a_vetterling_william_t # and # a_flannery_brian_p,
 title = {Numerical Recipes:~{T}he Art of Scientific Computing},
 edition = {3},
 date = {2007/2011},
 addendum = {Version~3.04},
 publisher = p_cambridge_uni_press_ass,
 address = pa_cambridge_uni_press_ass,
 isbn = {978-0-521-88068-8},
 url = {https://numerical.recipes/book.html},
 urldate = {2024-07-27},
}

@article{PVGMTGBPWDVPCBPD2011SMLIP,
 author = a_pedregosa_fabian # and # a_varoquaux_gael # and # a_gramfort_alexandre # and # a_michel_vincent # and # a_thirion_bertrand # and # a_grisel_olivier # and # a_blondel_mathieu # and # a_prettenhofer_peter # and # a_weiss_ron # and # a_dubourg_vincent # and # a_vanderplas_jake # and # a_passos_alexandre # and # a_cornapeau_david # and # a_brucher_matthieu # and # a_perrot_matthieu # and # a_duchesnay_edouard,
 title = {\scikitlearn:~{M}achine Learning in \python},
 xdata = {j_jomlr},
 volume = {12},
 pages = {2825--2830},
 date = {2011-10},
 doi = {10.5555/1953048.2078195},
}

@book{R1994PNACMFF,
 author = a_riesel_hans,
 title = {Prime Numbers and Computer Methods for Factorization},
 xdata = {ser_pm},
 doi = {10.1007/978-1-4612-0251-6},
 addendum = pa_birkhauser_boston # {:~} # p_birkhauser_boston,
 isbn = {978-0-8176-3743-9},
 date = {1994-10-01/2012-09-30},
 edition = {2}
}

@book{R2007PPBPDTAM,
 author = a_rother_kristian,
 title = {Pro \python\ Best Practices: Debugging, Testing and Maintenance},
 date = {2017-03},
 publisher = p_apress,
 address = pa_apress,
 isbn = {9781484222416},
}

@article{R2006ASOUTP,
 author = a_runeson_per,
 title = {A Survey of Unit Testing Practices},
 xdata = {j_is},
 volume = {23},
 number = {4},
 pages = {22--29},
 date = {2006-07/2006-08},
 doi = {10.1109/MS.2006.91},
}

@inproceedings{R2023PTHATCPBNI,
 author = a_roth_ori,
 title = {\python\ Type Hints Are Turing Complete (Pearl/Brave New Idea)},
 crossref = {PROC2023ECOOP},
 pages = {44:1--44:15},
 doi = {10.4230/LIPICS.ECOOP.2023.44},
}

@inproceedings{RJYKK2022CULTDVM,
 author = a_ryou_yeonhee # and # a_joh_sangwoo # and # a_yang_joonmo # and # a_kim_sujin # and # a_kim_youil,
 title = {Code Understanding \Pgls{linter} to Detect Variable Misuse},
 crossref = {PROC2022ASE},
 pages = {133:1--133:5},
 doi = {10.1145/3551349.3559497},
}

@book{RLM2022MLWPAS,
 author = a_raschka_sebastian # and # a_liu_yuxi # and # a_mirjalili_vahid,
 title = {Machine Learning with \pytorch\ and \scikitlearn},
 date = {2022-02},
 publisher = p_packt,
 address = pa_packt,
 isbn = {9781801819312}
}

@book{RN2022AIAMA,
 author = a_russel_stuart # and # a_norvig_peter,
 title = {Artificial Intelligence:~{A} Modern Approach~({AIMA})},
 edition = {4},
 isbn = {978-1-292-40113-3},
 publisher = p_pearson_education,
 address = pa_pearson_education,
 url = {https://aima.cs.berkeley.edu},
 urldate = {2024-06-27},
}

@article{S1988WPCHD,
 author = a_sagher_yoram,
 title = {What Pythagoras Could Have Done},
 date = {1988-02},
 xdata = {j_tamm},
 doi = {10.1080/00029890.1988.11971978},
 volume = {95},
 number = {2},
 pages = {117},
}

@article{S1997APFPAAFRGP,
 author = a_shewchuk_jonathan_richard,
 title = {Adaptive Precision Floating\nobreakdashes-Point Arithmetic and Fast Robust Geometric Predicates},
 xdata = {j_dcg},
 volume = {18},
 number = {3},
 pages = {305-363},
 date = {1997-10},
 doi = {10.1007/PL00009321},
 url = {https://people.eecs.berkeley.edu/~jrs/papers/robustr.pdf},
 urldate = {2024-11-19}
}

@article{S1998LHATFGAOCM,
 author = a_straffin_jr_philip_d,
 title = {Liu Hui and the First Golden Age of Chinese Mathematics},
 date = {1998-06},
 xdata = {j_mm},
 volume = {71},
 number = {3},
 pages = {163--181},
 url = {https://www.researchgate.net/publication/237334342},
 urldate = {2024-08-10},
 doi = {10.2307/2691200},
}

@techreport{S2005CFAMTFCSVCF,
 author = a_shafranovich_y,
 title = {Common Format and MIME Type for Comma\nobreakdashes-Separated Values~(\acrshort[hyper=true]{CSV}) Files},
 xdata = {rep_rfc},
 number = {4180},
 date = {2005-10},
 url = {https://datatracker.ietf.org/doc/html/rfc4180.html},
 urldate = {2024-11-14}
}

@book{S2011NA,
 author = a_scott_larkin_rigdway,
 title = {Numerical Analysis},
 date = {2011-04-18},
 publisher = p_princeton_university_press,
 address = pa_princeton_university_press,
 doi = {10.1515/9781400838967},
 isbn = {9781400838967},
}

@inbook{S2011NA2,
 crossref = {S2011NA},
 chapter = {1},
 title = {Numerical Algorithms},
 doi = {10.1515/9781400838967-002},
 url = {https://assets.press.princeton.edu/chapters/s9487.pdf},
 urldate = {2024-09-25}
}

@book{S2022FLAATIMEOLPBOC,
 author = a_sigler_laurence_e,
 title = {Fibonacci's Liber Abaci:~{A} Translation into Modern English of Leonardo Pisano's Book of Calculation},
 xdata = {ser_sasithomaps},
 isbn = {978-0-387-95419-6},
 doi = {10.1007/978-1-4613-0079-3},
 date = {2002-09-10},
}

@book{S2023LG,
 author = a_skoulikari_anna,
 title = {Learning \git},
 date = {2023-05},
 isbn = {978-1098133917},
 publisher = p_oreilly,
 address = pa_oreilly
}

@book{S2024DEOGRPOT,
 author = a_sloane_neil_james_alexander,
 title = {Decimal Expansion of \glslink{numberGoldenRatio}{Golden Ratio} phi (or tau) = (1 + sqrt(5))/2},
 volume = {A001622},
 date = {2024-12-13},
 xdata = {ser_oeis},
 url = {https://oeis.org/A001622},
 urldate = {2024-12-14},
}

@book{S2024DEOSRO2,
 author = a_sloane_neil_james_alexander,
 title = {Decimal Expansion of Square Root of~2},
 volume = {A002193},
 date = {2024-12-13},
 xdata = {ser_oeis},
 url = {https://oeis.org/A002193},
 urldate = {2024-12-14},
}

@inbook{SD2024DCAD,
 title = {Doc Comments and \Pglspl{docstring}},
 crossref = {SD2024SIDFD},
 url = {https://www.sphinx-doc.org/en/master/usage/extensions/autodoc.html#doc-comments-and-docstrings},
 urldate = {2024-12-12},
}

@book{SCL1999TNCOTMACAC,
 title = {The Nine Chapters on the Mathematical Art:~{C}ompanion and Commentary},
 author = a_shen_kangshen # and # a_crossley_john_newsome # and # a_lun_anthony_w_c,
 doi = {10.1093/oso/9780198539360.001.0001},
 isbn = {9780198539360},
 date = {1999-10-07},
 publisher = p_oxford_university_press,
 address = pa_oxford_university_press
}

@book{SD2024SIDFD,
 author = a_sphinx_developers,
 title = {\pythonilIdx{sphinx.ext.autodoc} -- Include Documentation from \pglspl{docstring}},
 date = {2024-10-13},
 url = {https://www.sphinx-doc.org/en/master/usage/extensions/autodoc.html},
 urldate = {2024-12-12},
}

@article{SF2013ASROSR,
 author = a_shahrokni_ali # and # a_feldt_robert,
 title = {A Systematic Review of Software Robustness},
 xdata = {j_iast},
 volume = {55},
 number = {1},
 pages = {1--17},
 date = {2013-01},
 doi = {10.1016/J.INFSOF.2012.06.002},
 url = {http://robertfeldt.net/publications/shahrokni_2013_sysrev_robustness.pdf},
 urldate = {2024-10-29},
}

@book{SFLR2009LIAN,
 author = a_siever_ellen # and # a_figgins_stephen # and # a_love_robert # and # a_robbins_arnold,
 title = {\linux\ in a Nutshell},
 edition = {6},
 date = {2009-09},
 publisher = p_oreilly,
 address = pa_oreilly,
 isbn = {9780596154486},
}

@book{SKS2019DSC,
 author = a_silberschatz_avi # and # a_korth_henry_f # and # a_sudarshan_s,
 title = {Database System Concepts},
 edition = {7},
 date = {2019-03},
 publisher = p_mcgraw_hill,
 address = pa_mcgraw_hill,
 isbn = {9780078022159}
}

@book{SSBD2014UMLFTTA,
 author = a_shalev_shwartz_shai # and # a_ben_david_shai,
 title = {Understanding Machine Learning:~{F}rom Theory to Algorithms},
 date = {2014-07},
 publisher = p_cambridge_uni_press_ass,
 address = pa_cambridge_uni_press_ass,
 isbn = {1107057132},
 url = {http://www.cs.huji.ac.il/~shais/UnderstandingMachineLearning},
 urldate = {2024-06-27},
}

@article{T1999TLE,
 author = a_torvalds_linus,
 title = {The \linux\ Edge},
 xdata = {j_ca},
 volume = {42},
 number = {4},
 pages = {38--39},
 date = {1999-04},
 doi = {10.1145/299157.299165},
}

@book{T2019MOSWBFDHOT2TMOSS,
 title = {Making Open Source Work Better for Developers:~Highlights of the 2019 Tidelift Managed Open Source Survey},
 date = {2019-06},
 publisher = p_tidelift,
 address = pa_tidelift,
 url = {https://tidelift.com/subscription/managed-open-source-survey},
 urldate = {2024-12-29},
}

@book{T2024BGAGVCPMATFTND,
 author = a_tsitoara_mariot,
 title = {Beginning \git\ and \github:~{V}ersion Control, Project Management and Teamwork for the New Developer},
 date = {2024-03},
 isbn = {9798868802157},
 publisher = p_apress,
 address = pa_apress,
 execute = {\sloppy}
}

@article{TKY2016BEOEAOTCEG,
 author = a_fujita_toru # and # a_nakano_koji # and # a_ito_ysuaki,
 title = {Bulk Execution of {Euclidean} Algorithms on the {CUDA}\nobreakdashes-Enabled~{GPU}},
 xdata = {j_ijnc},
 volume = {6},
 number = {1},
 pages = {42--63},
 date = {2016-01},
 url = {http://www.ijnc.org/index.php/ijnc/article/download/117/119},
 urldate = {2024-09-28},
}

@article{TLG2006UTCU,
 author = a_thiruvthukal_george_k # and # a_laufer_konstantin # and # a_gonzalez_benjamin,
 title = {Unit Testing Considered Useful},
 xdata = {j_cisae},
 volume = {8},
 number = {6},
 pages = {76--87},
 date = {2006-11/2006-12},
 doi = {10.1109/MCSE.2006.124},
 url = {https://www.researchgate.net/publication/220094077},
 urldate = {2024-10-01},
}

@techreport{TSSL1995CICSNSE,
 title = {Chinese Internal Code Specification, National Standard Extended~{(GBK)}},
 type = {Technical Supervision Standard Letter},
 number = {1995~229},
 date = {1995-12-15},
 institution = {Standardization Department of the State Administration of Technical Supervision} # and # {Department of Science and Quality Supervision of the Ministry of Electronics Industry},
 address = l_china_beijing,
}

@book{TTSFABFSKSD2024SCIABDWE,
 author = a_turner_adam # and # a_tran_benedict # and # a_sewell_chris # and # a_freitag_francois # and # a_andersen_jakob_lykke # and # a_b_jean_francois # and # a_finucane_stephen # and # a_shimizukawa_takayuki # and # a_komiya_takeshi # and # a_sphinx_developers,
 title = {\Pgls{sphinx} -- Create Intelligent and Beautiful Documentation with Ease},
 date = {2024-10-13},
 url = {https://www.sphinx-doc.org},
 urldate = {2024-12-12},
}

@book{TUC2023U1510,
 title = {\Pgls{unicode}\textsuperscript{\textregistered}~15.1.0},
 date = {2023-09-12},
 publisher = p_unicode_consortium,
 address = pa_unicode_consortium,
 isbn = {978-1-936213-33-7},
 url = {https://www.unicode.org/versions/Unicode15.1.0},
 urldate = {2024-07-26}
}

@book{TUC2023U151ACS,
 title = {The \Pgls{unicode} Standard, Version~15.1:~Archived Code Charts},
 date = {2023-08-25},
 publisher = p_unicode_consortium,
 address = pa_unicode_consortium,
 url = {https://www.unicode.org/Public/15.1.0/charts/CodeCharts.pdf},
 urldate = {2024-07-26}
}

@techreport{USAS1967USCFII,
 title = {{USA} Standard Code for Information Interchange~{(ASCII~1967)}},
 date = {1967-07-07},
 number = {USAS~X3.4-1967},
 institution = p_usas,
 address = pa_usas,
 url = {https://www.sensitiveresearch.com/Archive/CharCodeHist/Files/CODES%20standards%20documents%20ASCII%20Sean%20Leonard%20Oct%202015/ASCII%2068,%20X3.4-1967.pdf},
 urldate = {2024-07-26}
}

@article{VGOHRCBPWBvdWBWMMNJKLCPFMVLPCHQHARPvMS2020SFAFSCIP,
 author = a_virtanen_pauli # and # a_gommers_ralf # and # a_oliphant_travis_e # and # a_haberland_matt # and # a_reddy_tyler # and # a_cornapeau_david # and # a_burovski_evgeni # and # a_peterson_pearu # and # a_weckesser_warren # and # a_bright_jonathan # and # a_van_der_walt_stefan # and # a_brett_matthew # and # a_wilson_joshua # and # a_millman_jarrod_k # and # a_mayorov_nikolay # and # a_nelson_andrew_r_j # and # a_jones_eric # and # a_kern_robert # and # a_larson_eric # and # a_carey_cj # and # a_polat_ilhan # and # a_feng_yu # and # a_moore_eric_w # and # a_vanderplas_jake # and # a_laxalde_denis # and # a_perktold_josef # and # a_cimran_robert # and # a_henriksen_ian # and # a_quinter_ea # and # a_harris_charles_r # and # a_archibald_anne_m # and # a_ribeiro_antonio_h # and # a_pedregosa_fabian # and # a_van_mulbregt_paul # and # a_scipy_1,
 title = {\scipy~1.0:~Fundamental Algorithms for Scientific Computing in \python},
 xdata = {j_nm},
 date = {2020-03-02},
 volume = {17},
 pages = {261--272},
 doi = {10.1038/s41592-019-0686-2},
 url = {http://arxiv.org/abs/1907.10121},
 urldate = {2024-06-26},
 addendum = {See also \mbox{arXiv:1907.10121v1} \mbox{[cs.MS]} \mbox{23 Jul 2019}.}
}

@book{VHN2023HOADWP,
 author = a_van_horn_bruce_m_2 # and # a_nguyen_quan,
 title = {Hands\nobreakdashes-On Application Development with \pycharm},
 edition = {2},
 date = {2023-10},
 isbn = {9781837632350},
 publisher = p_packt,
 address = pa_packt
}

@techreport{VR1999CPFERPASEFTPOT,
 author = a_van_rossum_guido,
 title = {Computer Programming for Everybody (Revised Proposal). A Scouting Expedition for the Programmers of Tomorrow},
 date = {1999-07},
 xdata = {rep_cnri_proposal},
 number = {90120-1a},
 url = {https://www.python.org/doc/essays/cp4e},
 urldate = {2024-06-27}
}

@book{VV2022LF,
 author = a_van_vugt_sander,
 title = {\linux\ Fundamentals},
 edition = {2},
 date = {2022-06},
 isbn = {0137929315},
 publisher = p_pearson_it_certification,
 address = pa_pearson_it_certification
}

@inproceedings{VVH2018ELDOSAIOSPACSOTPE,
 author = a_valiev_marat # and # a_vasilescu_bogdan # and # a_herbsleb_james_d,
 title = {Ecosystem\nobreakdashes-Level Determinants of Sustained Activity in Open\nobreakdashes-Source Projects:~{A} Case Study of the \pypi\ Ecosystem},
 pages = {644--655},
 doi = {10.1145/3236024.3236062},
 crossref = {PROC2018ESECFSE},
}

@article{W2000WISTAWIISH,
 author = a_whittaker_james_a,
 title = {What Is Software Testing? And Why Is It So Hard?},
 xdata = {j_is},
 volume = {17},
 number = {1},
 pages = {70--79},
 date = {2000-01/2000-02},
 doi = {10.1109/52.819971},
 addendum = {Practice Tutorial}
}

@inbook{W2024FN,
 title = {Fibonacci Number},
 crossref = {W2024MAWWR},
 url = {https://mathworld.wolfram.com/FibonacciNumber.html},
 urldate = {2024-11-08},
}

@book{W2024MAWWR,
 title = {{MathWorld} -- A {Wolfram} Web Resource},
 author = a_weisstein_eric_w,
 date = {2024-08-22},
 publisher = p_wolfram_research,
 address = pa_wolfram_research,
 url = {https://mathworld.wolfram.com/},
 urldate = {2024-09-24},
}

@book{W2024PME,
 author = a_wilson_kevin,
 title = {\python\ Made Easy},
 date = {2024-08},
 publisher = p_packt,
 address = pa_packt,
 isbn = {9781836646150},
}

@inbook{W2024PN,
 title = {Prime Number},
 crossref = {W2024MAWWR},
 url = {https://mathworld.wolfram.com/PrimeNumber.html},
 urldate = {2024-09-24},
}

@inproceedings{WW2023RSDEWASSAA,
 author = a_weise_thomas # and # a_wu_zhize,
 title = {Replicable Self\nobreakdashes-Documenting Experiments with Arbitrary Search Spaces and Algorithms},
 crossref = {PROC2023GECCO},
 pages = {1891--1899},
 doi = {10.1145/3583133.3596306},
}

@techreport{Y2003UATFOI1,
 author = a_yergeau_francois,
 title = {\Pgls{utf8}, A Transformation Format of ISO~10646},
 xdata = {rep_rfc},
 number = {3629},
 date = {2003-11},
 url = {https://www.rfc-editor.org/rfc/rfc3629},
 urldate = {2024-12-16},
 addendum = {See \pgls{unicode} and~\cite{ISOIEC106462020ITUCCSU}}
}

@book{Y2022PPADT,
 author = a_yanev_martin,
 title = {\pycharm\ Productivity and Debugging Techniques},
 date = {2022-10},
 publisher = p_packt,
 address = pa_packt,
 isbn = {9781837632442}
}

@book{Z2017MB,
 author = a_zarrelli_giorgio,
 title = {Mastering \bash},
 date = {2017-06},
 publisher = p_packt,
 address = pa_packt,
 isbn = {9781784396879}
}

@techreport{Z2024DESIEWS,
 author = a_zinoviev_dimitry,
 title = {Discrete Event Simulation:~{I}t's Easy with \simpy!},
 xdata = {rep_arxiv_corr},
 number = {abs/2405.01562},
 date = {2024-04-03},
 url = {https://arxiv.org/abs/2405.01562},
 urldate = {2024-06-27},
 doi = {10.48550/ARXIV.2405.01562},
 addendum = {\mbox{arXiv:2405.01562v1} \mbox{[cs.MS]} \mbox{3 Apr 2024}}
}
