@book{programmingWithPython,
 author = {Thomas Weise},
 title = {Programming with Python},
 year = {2024},
 publisher = {Institute of Applied Optimization, School of Artificial Intelligence and Big Data, Hefei University},
 address = {Hefei, Anhui, China } ,
 url = {https://thomasweise.github.io/programmingWithPython}
}
